2832 4693
2106 328 2201 401 ll

198 539 533 621 farragine
563 546 1029 618 excerptorum
1058 524 1259 613 XVI,
1279 534 1450 596 4—8
1471 532 2032 619 fragmenta-duo,⁴
2053 542 2330 619 quornm

197 655 478 720 alteram
540 651 617 734 (l.
678 673 734 716 c.
776 654 868 724 4,
931 649 1104 725 init.)
1161 651 1243 713 ad
1288 650 1622 715 Romanos
1679 650 2123 737 supplicantes
2184 652 2329 734 (cfr.

199 773 488 858 Appiae.
534 768 582 833 1.
627 791 681 833 c.
729 768 869 846 lv,
933 769 1043 845 2);
1087 767 1365 832 alterurn
1430 767 1505 849 (l.
1551 791 1606 831 c.
1653 772 1700 831 4
1753 784 1818 832 et
1858 773 1924 852 5)
1983 772 2063 833 ad
2109 770 2331 834 Pontii

198 887 324 953 filii
373 889 735 952 orationem
784 888 1068 971 pertinet
1138 898 1387 971 patrem
1437 885 1812 949 refellentis
1851 888 2163 972 (Appian.
2207 884 2329 962 lv,

197 1007 293 1087 4).
386 1003 649 1081 Quibus
692 1007 863 1067 inter
907 1024 981 1066 se
1025 1001 1309 1081 collatis,
1376 1002 1538 1066 illud
1587 1004 1847 1088 quidem
1891 1002 2176 1066 dubitari
2221 1022 2334 1066 no·

200 1125 381 1208 quit,
447 1124 605 1206 quin
650 1124 715 1183 in
776 1120 881 1184 his
954 1141 1212 1203 quoque
1276 1119 1474 1183 rebus
1534 1120 1884 1205 Appianas
1940 1121 2332 1204 Dionysium

193 1237 686 1323 compilaverit,
718 1220 842 1299 ⁸aed
891 1234 1038 1305 fieri
1083 1238 1320 1320 potuit,
1366 1252 1458 1315 ut,
1504 1258 1645 1322 qim
1691 1239 1798 1301 hic
1829 1237 2026 1302 solita
2053 1238 2331 1302 fortasse

196 1357 598 1441 loquacitate
663 1378 778 1439 per
838 1338 1076 1437 longas
1133 1354 1466 1416 orationes
1526 1360 1906 1419 sexcenties
1961 1357 2334 1439 repetisset,
2427 1386 2430 1387 ⁷

191 1496 273 1536 ea
305 1473 650 1557 Appianas
694 1474 861 1535 adeo
887 1484 1238 1543 resecaret,
1285 1483 1356 1533 ut
1399 1473 1528 1533 nisi
1573 1470 1653 1533 ad
1700 1485 2037 1535 extremas
2080 1471 2335 1534 Heren-

194 1591 289 1652 nii
358 1603 422 1651 et
480 1586 605 1651 filii
663 1587 1178 1652 deliberationes
1240 1590 1530 1650 animum
1591 1609 1716 1650 non
1783 1589 2176 1652 attenderet.
2242 1621 2328 1635 --
2414 1602 2419 1606 ·

194 1707 577 1789 Appianum
646 1725 1107 1788 nonnunquam
1175 1707 1242 1766 in
1313 1726 1388 1765 ea
1436 1703 1727 1767 historia!
1775 1721 1995 1790 parte,
2064 1706 2145 1767 de
2204 1726 2333 1789 qna
2407 1677 2414 1681 ’

194 1836 457 1907 agetur,
502 1821 585 1885 ab
631 1820 784 1885 aliis
830 1838 1065 1905 praeter
1102 1820 1493 1904 Dionysium
1542 1822 1973 1905 scriptoribus
2018 1844 2217 1885 unuin
2265 1834 2332 1884 et

191 1938 474 2002 alterurn
509 1941 893 2021 sumpsisse,
925 1943 1062 2020 jam
1102 1959 1298 2020 supra
1327 1938 1784 2000 indicavimus.
1868 1939 2016 2000 Hoc
2048 1941 2330 2020 pritnum

197 2077 284 2118 ex
329 2058 477 2136 ipsa
523 2074 741 2115 rerum
787 2053 1227 2136 discrepantia
1273 2051 1692 2135 intelligitur.
1786 2053 1937 2117 Huc
1980 2056 2332 2137 pertinent,

190 2193 337 2257 quae
381 2173 449 2233 in
498 2191 725 2254 regum
774 2169 1051 2233 historia
1096 2170 1177 2233 de
1200 2168 1588 2233 Latinorum
1628 2174 1891 2234 nomine
1935 2171 2110 2233 dicta
2150 2182 2329 2246 sunt,

190 2288 273 2354 de
318 2291 493 2353 serie
540 2310 767 2374 regum
816 2284 1264 2367 Albanorum,
1309 2288 1389 2352 de
1436 2287 1721 2354 Romulo
1767 2288 2024 2365 silvio,
2068 2287 2148 2350 de
2195 2285 2326 2351 Sil-

191 2412 449 2471 viornm
500 2410 925 2491 cognomine,
993 2407 1075 2469 de
1119 2406 1276 2470 Reae
1321 2406 1552 2470 sitviae
1599 2410 1902 2484 nomine,
1966 2408 2136 2468 sicut
2199 2406 2329 2470 La·

190 2527 435 2601 vinias,
479 2525 929 2605 discrepante,
973 2524 1055 2584 de
1100 2525 1242 2584 miti
1287 2521 1553 2584 Romuli
1598 2526 1911 2605 irnperio,
1960 2522 2040 2583 de
2098 2520 2328 2584 inorbo

196 2640 395 2714 Anci,
444 2659 638 2723 porro
684 2638 763 2699 de
809 2635 961 2699 aliis
1004 2639 1259 2720 paucis,
1303 2657 1447 2719 quae
1495 2635 1642 2719 plus
1686 2639 1990 2700 minusve
2035 2635 2120 2698 ab
2163 2635 2327 2698 Dio-

191 2759 380 2841 nysio
425 2756 787 2820 discedunt.
904 2753 1244 2820 Samnitic.
1291 2753 1391 2829 X,
1434 2754 1482 2815 5
1522 2753 1603 2816 de
1648 2753 1930 2836 captivis
1993 2775 2032 2815 a
2077 2751 2330 2836 Pyrrho

186 2876 484 2937 remissis
548 2872 895 2957 Appianas
956 2870 1042 2935 ab
1102 2869 1430 2953 Dionysio
1490 2871 1795 2935 diversus
1854 2867 2153 2947 (XVIII,
2217 2871 2330 2951 ²7)

195 2989 341 3054 solo
388 3011 532 3053 cunt
581 2987 934 3051 Plutarcho
979 2990 1280 3071 congruit
1324 2986 1576 3069 (Pyrrh.
1619 2987 1752 3067 2⁰).
1857 2985 2146 3062 Eadem,
2191 3005 2334 3068 quo

193 3105 603 3187 Dionysius,
663 3103 917 3166 Ennius
961 3103 1226 3167 tradidit
1272 3100 1440 3181 (Cic.
1490 3103 1552 3164 d.
1599 3104 1716 3169 off.
1762 3101 1830 3180 Ι,
1887 3100 2038 3182 13),
2095 3099 2332 3166 Livius

191 3224 369 3307 Epic.
417 3219 615 3297 xm,
660 3220 900 3284 Florus
925 3220 978 3298 l,
1027 3222 1131 3299 18,
1176 3219 1537 3303 Eutropius
1582 3218 1670 3297 ΙΙ,
1715 3227 1777 3298 7,
1821 3219 2055 3283 Victor
2100 3219 2160 3282 d.
2207 3220 2330 3284 vir.

191 3339 289 3405 ill.
335 3340 443 3416 85,
490 3338 817 3412 Zonaras,
858 3337 1275 3422 qviDionetn
1306 3337 1385 3401 C.
1436 3340 1752 3422 suffitur,
1799 3335 1991 3413 vm,
2033 3339 2100 3397 4.
2198 3332 2334 3399 Ne-

191 3479 321 3543 que
367 3458 540 3518 enim
588 3453 961 3519 Niebuhrio
1002 3457 1361 3532 assentior,
1407 3458 1541 3537 qui,
1590 3474 1787 3536 qnnrn
1834 3450 1984 3514 loco
2029 3450 2334 3530 Dionysii

194 3595 393 3659 supra
432 3571 707 3635 laudato
760 3593 890 3635 non
951 3571 1227 3637 multum
1275 3570 1558 3649 tribuat,
1602 3569 1892 3654 Appiani
1937 3581 2138 3651 atque
2179 3563 2334 3630 Plu-

194 3689 405 3755 tarchi
454 3692 897 3755 narrationem
946 3688 1029 3753 ab
1097 3692 1334 3753 ceteris
1378 3690 1859 3771 discrepantem
1906 3684 2334 3749 Halicarnas-
2377 3709 2384 3714 ·

192 3811 371 3871 sensi
420 3809 743 3891 originem
789 3807 995 3871 credit
1039 3807 1314 3884 debere,
1391 3828 1585 3891 quem
1630 3803 1897 3867 illorum
1946 3816 2220 3882 uterque
2263 3799 2334 3861 in

194 3923 301 3988 his
362 3921 558 3986 rebus
616 3938 929 4009 sequatur
988 3924 1099 4007 (V.
1146 3923 1243 3988 111
1292 3948 1350 4007 p.
1408 3923 1583 4002 587).
1677 3919 2023 4002 Opponant
2071 3909 2333 3992 saltem,

193 4041 363 4126 qnod
396 4040 769 4125 Appianas,
814 4052 886 4106 ut
930 4062 1021 4104 ex
1064 4044 1212 4126 ipso
1258 4039 1382 4102 hoc
1427 4047 1744 4120 excerpto
1791 4044 2062 4117 apparet
2091 4029 2212 4112 (X,
2237 4031 2332 4106 4),

188 4160 328 4239 jam
391 4160 457 4219 in
502 4156 715 4220 altero
760 4153 1049 4219 Fabricii
1107 4175 1425 4240 responso
1473 4151 1815 4215 referendo
1879 4148 1962 4215 ab
2008 4144 2334 4225 Dionysio
