2832 4693
617 301 718 378 58

501 511 711 575 hahuit
756 504 1090 573 (Claudium
1126 500 1384 555 fortasse·
1410 513 1464 551 v,
1508 512 1555 549 c.
1592 500 1661 561 4⁰
1697 511 1869 566 pugn.
1891 470 1979 546 ad
2016 491 2276 559 Aniena.
2364 490 2454 543 Eo
2512 487 2627 555 fac·

505 614 628 658 tnm
670 608 779 664 est,
815 606 884 677 ut
917 595 1204 666 Appiano,
1238 587 1507 660 Dionysii
1548 584 1932 658 compilatori‚
1966 584 2065 649 hie
2102 583 2227 636 illic
2269 581 2461 650 aliqua
2496 596 2629 632 cum

503 694 670 761 Livio
715 698 815 745 aut
839 687 1150 742 Plutarcho
1185 681 1507 739 similitudo
1543 679 1730 752 primo
1768 685 2007 749 aspectu
2040 673 2405 729 intercedere
2437 670 2628 723 videa-

382 770 389 775 ·
502 794 618 839 tur.
692 782 1021 854 Appianum
1055 785 1250 832 autem
1285 771 1554 844 Dionysii
1590 770 1852 840 vestigiis
1891 769 2207 839 ingressum
2248 781 2409 826 esse,
2464 769 2520 815 et
2557 778 2629 813 ex

501 878 617 930 hoc
657 882 928 945 excerpto
967 878 1026 925 et
1060 868 1244 922 altero
1286 865 1421 920 infr.
1465 862 1640 930 (Gall.
1663 863 1759 923 V.)
1795 861 1967 933 plane
2002 858 2370 928 intelligitur.
2440 853 2656 924 Caput-

504 965 556 1033 Ι,
591 985 768 1041 quum
786 963 1103 1038 Dionysius
1142 959 1288 1014 nihil
1327 955 1400 1009 ad
1436 954 1878 1026 comparandum
1908 952 2179 1024 praeheat,
2216 947 2453 1002 silentio
2489 962 2632 1016 proe-

503 1058 910 1114 teu-mittemus.
1014 1054 1079 1118 C.
1119 1059 1204 1117 2„
1262 1050 1406 1116 Quae
1441 1048 1541 1103 hie
1575 1047 1877 1118 Appianas
1916 1045 2083 1117 plura
2119 1041 2324 1118 hahet,
2376 1055 2439 1092 ea
2478 1034 2634 1106 apud

500 1150 847 1223 Dionysium
902 1142 1253 1216 excerptoris
1323 1141 1494 1211 culpa
1546 1140 1949 1192 desiderantur
2003 1138 2103 1201 (D,
2169 1129 2353 1194 XIII,
2420 1136 2487 1195 5,
2546 1132 2628 1192 6).

506 1243 703 1308 Quum
730 1238 908 1291 ceteri
947 1237 1264 1306 scriptores
1293 1234 1356 1284 in
1392 1250 1459 1284 eo
1499 1248 1697 1284 omnes
1724 1229 2109 1291 consentiant,
2139 1233 2206 1279 ut
2241 1231 2300 1278 et
2321 1221 2635 1277 Camillum

502 1333 615 1386 XV
649 1330 887 1384 milibus
927 1327 1159 1380 multari
1197 1325 1351 1390 (Liv.
1388 1323 1462 1391 V,
1499 1327 1585 1388 32,
1625 1322 1815 1375 Valer.
1850 1322 2004 1381 Max.
2039 1321 2121 1382 V,
2157 1327 2210 1381 3,
2246 1324 2301 1380 2,
2333 1312 2634 1369 Plutarch.

403 1468 406 1473 ·
504 1425 573 1480 C.
610 1431 696 1487 13,
721 1423 932 1478 Zonar,
958 1417 1088 1483 Vll,
1128 1422 1224 1484 22)
1262 1424 1322 1469 et
1363 1413 1821 1475 eum-absentem
1840 1402 2097 1464 damnari
2129 1409 2368 1476 faciant,
2407 1404 2632 1476 Appia·

505 1536 617 1574 nus
651 1534 779 1572 cum
813 1510 1099 1583 Dionysio
1139 1516 1197 1561 et
1232 1518 1361 1587 'cum
1401 1526 1433 1560 a
1468 1505 1683 1579 populo
1727 1504 2057 1558 damnatum
2093 1509 2152 1554 et
2185 1499 2447 1572 pecuniae
2484 1514 2634 1549 sum·

498 1625 685 1673 mam,
721 1606 784 1657 in
819 1601 1102 1677 myriades
1145 1606 1404 1663 auctam,
1442 1596 1561 1668 jam
1599 1605 1763 1662 ante,
1814 1615 1984 1669 quam
2021 1596 2083 1647 in
2119 1588 2357 1647 exilium
2392 1589 2636 1649 abisset,

505 1718 579 1753 ne
615 1715 729 1771 qua
766 1712 978 1765 corpus
1021 1690 1148 1760 ejus
1187 1691 1537 1744 contumelia
1576 1690 1941 1752 afficeretur,
1980 1707 2010 1740 a
2048 1683 2391 1758 propinquis
2430 1698 2638 1750 croga-

508 1802 622 1846 tam
661 1808 784 1845 esse
825 1785 1098 1858 produnt.
1186 1781 1255 1833 In
1294 1781 1548 1833 numeris
1573 1779 1882 1849 *prioribus
1927 1778 2021 1832 (A.
2066 1782 2171 1835 50,
2211 1774 2288 1834 ν’,
2346 1776 2416 1826 D.
2460 1781 2528 1824 10
2566 1776 2639 1831 ι’),

503 1899 650 1956 quos
686 1873 1027 1946 ceteroquin
1059 1879 1366 1941 corruptos
1401 1877 1580 1941 puto,
1616 1863 2003 1935 discrepantia
2040 1863 2363 1923 invenitur3
2405 1859 2537 1922 sed,
2574 1858 2639 1910 id

438 2014 441 2015 γ
505 1974 661 2051 quod
697 1975 871 2042 caput
902 1965 988 2018 rei
1020 1971 1128 2026 est,
1157 1961 1391 2016 nomine
1419 1959 1646 2031 μυριάσι
1678 1945 1922 2029 uterquc
1951 1956 2157 2011 utitur.
2240 1952 2468 2016 Cetera,
2506 1967 2638 2021 quae

504 2065 657 2138 apud
676 2061 1002 2133 Appianum
1043 2057 1337 2126 leguntur,
1410 2053 1481 2105 de
1522 2059 1855 2111 accusatore
1893 2049 2137 2121 quodam
2177 2044 2399 2110 (καὶῆν,
2442 2042 2510 2107 V,
2548 2046 2639 2104 32,

502 2152 794 2211 Plutarch.
849 2149 915 2206 C.
956 2151 1087 2216 12),
1149 2146 1220 2198 de
1256 2147 1499 2199 erimine
1555 2144 1750 2197 oblato
1789 2142 1887 2209 (de
1940 2159 2056 2213 quo
2091 2138 2438 2209 scriptorum
2475 2133 2627 2185 alius

506 2248 738 2313 aliter),
801 2241 872 2294 de
918 2237 1130 2315 populo
1170 2234 1606 2306 indignabundo
1653 2234 1836 2301 (plut.
1879 2240 1941 2286 11
1965 2271 1982 2294 ,
2040 2236 2152 2297 12),
2191 2230 2262 2282 de
2300 2227 2410 2280 filii
2448 2232 2636 2297 morte
2665 2223 2680 2234 ⁸

505 2341 662 2407 (Liv.
703 2336 776 2398 V,
814 2337 922 2405 22,
979 2330 1131 2385 Plut.
1174 2332 1287 2392 11),
1341 2326 1411 2379 dc
1469 2325 1741 2397 precihus
1778 2323 2060 2378 Achilleis
2100 2322 2279 2386 (Plut.
2323 2327 2456 2386 13),
2511 2317 2639 2370 haec

507 2429 728 2490 omnia,
764 2441 941 2496 quum
982 2419 1248 2492 Dionysii
1288 2418 1452 2470 locus
1495 2414 1686 2483 (XIII,
1721 2422 1779 2478 5)
1818 2416 2050 2468 defectu
2090 2421 2148 2467 et
2185 2410 2509 2483 corruptela
2547 2409 2637 2460 la-

505 2526 676 2578 boret
713 2515 854 2583 (vid.
884 2513 955 2567 de
992 2512 1294 2575 tribunis),
1334 2510 1484 2565 nihil
1513 2516 1670 2562 certe
1708 2507 2115 2579 discrepantiae
2136 2505 2400 2579 probant.
2461 2483 2636 2567 *Quin

506 2618 637 2688 :ipso
676 2610 859 2663 altero
895 2606 1028 2661 loco
1069 2601 1237 2672 (xm
1258 2644 1270 2667 ,
1309 2607 1404 2668 6),
1450 2599 1553 2654 ubi
1592 2618 1792 2672 preces
1828 2600 2058 2655 Camilli
2099 2600 2634 2655 commemorantur,

508 2714 568 2765 et
605 2702 848 2757 crimina
885 2697 939 2751 ei
968 2698 1130 2750 illata
1166 2703 1225 2748 et
1257 2698 1293 2747 a'
1332 2694 1550 2765 populo
1598 2708 1727 2744 eum
1762 2692 2091 2746 damnatum
2128 2708 2271 2752 esse,
2308 2687 2481 2741 elaris
2514 2704 2635 2739 ver·

505 2798 600 2851 his
635 2793 946 2845 indicatur.
1007 2786 1183 2851 Quod
1214 2802 1351 2838 vero
1388 2785 1461 2836 de
1497 2784 1748 2845 Achille,
1786 2786 1942 2836 sieut
1980 2781 2349 2840 Plutarchus,
2387 2781 2469 2832 ita
2510 2782 2635 2848 Ap-

504 2891 713 2963 pianus
752 2880 1104 2935 mentionem
1141 2877 1312 2941 fecit,
1345 2892 1421 2928 ne
1456 2875 1606 2928 illud
1643 2874 1874 2947 quidem
1910 2892 1941 2926 a
1978 2871 2253 2944 Dionysio
2291 2867 2633 2942 praetermis·

512 2998 639 3036 snm
675 2992 801 3044 esse
838 2970 1117 3032 dixerim,
1155 2977 1291 3042 post
1316 2968 1468 3022 enim
1506 2966 1701 3019 finitas
1729 2983 1930 3039 preces
1961 2964 2209 3038 ,alterum
2245 2960 2512 3036 Dionysii
2547 2957 2633 3011 lo·

511 3091 643 3128 eum
675 3069 983 3138 abruptum
1020 3062 1236 3117 videas·

650 3266 780 3341 Lib.
824 3261 1133 3326 samnitio.
1182 3258 1279 3318 IV.
1367 3257 1742 3333 Excerptum
1786 3252 1871 3312 111
1915 3253 1993 3311 de
2034 3250 2492 3332 LegationibuS.

676 3402 767 3455 Ex
800 3393 1071 3466 Dionysii
1104 3390 1243 3445 libri
1281 3389 1394 3442 XV
1455 3388 1793 3459 fragmentis
1830 3394 1891 3440 ct
1925 3385 2038 3440 hoe
2075 3386 2322 3456 Appiani
2363 3393 2630 3456 excerpto

508 3501 762 3569 apparet,
798 3488 1026 3543 Livium
1064 3487 1125 3541 in
1156 3484 1313 3538 bello
1333 3482 1653 3536 Samnitico
1692 3478 1843 3533 etin
1880 3478 1974 3541 iis,
2012 3494 2142 3549 que
2177 3485 2637 3541 antecesserunt,

507 3582 859 3658 exponendis
921 3595 1122 3649 parum
1180 3571 1512 3629 accuratum
1564 3572 1782 3635 fuissc3
1844 3583 2092 3640 namque
2139 3569 2211 3622 de
2256 3570 2520 3638 Fregell'a
2575 3575 2633 3623 et

506 3675 781 3741 Luceria,
841 3671 905 3723 in
941 3668 1155 3741 quibus
1192 3673 1366 3738 eaput
1403 3664 1489 3717 rei
1525 3669 1827 3723 versatur,
1867 3660 2056 3714 onnia
2092 3659 2237 3712 mire
2273 3659 2634 3731 perturbavit

509 3777 569 3825 et
619 3766 692 3821 de
722 3762 880 3816 hello
919 3760 1113 3830 Apulo
1159 3756 1482 3810 obscurius
1504 3754 1785 3826 loquitur.
1880 3751 1996 3804 Sed
2046 3750 2120 3803 de
2156 3750 2249 3804 his
2285 3752 2459 3806 rebus
2517 3767 2638 3804 non

503 3862 608 3915 hio
645 3860 817 3912 locus
860 3851 1092 3907 dicendi
1130 3857 1234 3903 est.
1311 3846 1551 3900 cladem
1585 3853 1778 3899 autem
1819 3841 2141 3895 Caudinam
2176 3849 2351 3913 atque
2386 3860 2470 3904 ea,
2511 3831 2638 3914 qim

503 3951 860 4025 praecedunt,
893 3943 1093 4017 paucis
1129 3941 1425 4011 attingam.
1502 3939 1648 4003 Quae
1684 3937 1756 3989 de
1791 3934 1884 3986 his
1922 3933 1994 3987 ah
2019 3935 2286 4005 Appiano
2308 3941 2646 4000 narrantur,

508 4061 573 4096 ea
603 4041 852 4094 Ursinus
892 4027 1066 4109 =putat
1107 4035 1181 4087 ab
1229 4032 1392 4085 Livio
1446 4046 1570 4083 esse
1617 4009 1847 4099 ‘sumpt-
1896 4033 1996 4078 aut
2047 4025 2250 4079 saltem
2307 4042 2375 4077 ex
2419 4025 2641 4086 eodem,

509 4145 624 4203 qno
663 4130 1041 4181 Liviusnsus
1081 4133 1254 4187 esset,
1291 4125 1456 4179 fonte
1475 4121 1696 4176 hausta.
1766 4118 2095 4173 Dissentire
2121 4122 2308 4171 tamen
2336 4117 2640 4189 paululum

1911 4213 1940 4234 Ο
