2832 4693
620 299 716 371 16

503 517 755 569 tantum
783 513 904 576 est,
951 511 1022 560 ut
1055 519 1135 560 eo
1180 517 1286 569 res
1318 495 1733 578 dijudicetur.
1832 490 1998 567 Quae
2033 490 2139 552 hic
2166 490 2247 551 de
2271 489 2634 565 Plutarcho

504 622 679 683 diota
722 630 914 695 sunt,
982 638 1062 678 ea
1123 616 1189 676 in
1254 611 1571 697 reliquam
1633 629 1891 694 quoque
1937 607 2224 693 Appiani
2291 607 2631 673 historiam

505 738 766 802 cadunt.
793 736 913 814 ¹⁰).
1549 714 1566 721 I
2009 724 2012 729 ’

720 853 859 915 Iam
937 850 1016 911 ad
1104 819 1257 910 illos
1333 846 1685 927 scriptores
1764 841 1847 913 ab
1895 841 2064 925 'ipso
2144 840 2455 924 Appiano
2526 861 2636 904 uo·-

510 974 684 1036 mine
762 969 1064 1032 laudatos
1149 961 1632 1047 tranaeundum¹
1697 961 1840 1021 erit.
1977 957 2051 1020 In
2128 956 2299 1029 libro
2373 956 2634 1020 Gallico

508 1086 706 1171 (Vl),
783 1085 895 1149 ubi
955 1087 1034 1146 de
1083 1080 1403 1144 Dorsonis
1464 1077 1824 1140 sacerdotis
1885 1076 2157 1139 audacia
2219 1077 2466 1137 mentio
2512 1086 2634 1150 est,

510 1208 896 1289 scriptorem
949 1201 1309 1271 Romanum
1375 1208 1607 1256 testem
1656 1193 2041 1282 advocavit3
2109 1213 2301 1275 quam
2351 1212 2498 1265 rem⁸
2548 1189 2634 1253 ab

506 1322 831 1403 Dionysio
876 1320 1157 1382 fortasse
1204 1314 1732 1397 praetermissam,
1779 1311 2181 1392 ceteroquin,
2224 1322 2295 1381 ut
2357 1309 2634 1383 videtur,

508 1440 891 1526 vulgatam,
935 1420 1172 1497 Liuius
1217 1429 1333 1513 (V,
1375 1432 1524 1510 46),
1570 1427 1701 1491 Dio
1743 1427 1855 1501 (E.
1901 1424 2120 1502 XIX,
2169 1424 2453 1488 Reimar.
2501 1423 2532 1485 Ι
2575 1447 2639 1508 p.

514 1560 650 1634 14),
695 1555 932 1618 Florus
979 1550 1070 1635 (I,
1116 1551 1223 1621 13,
1247 1550 1340 1628 6),
1376 1545 1688 1610 Valerius
1719 1542 1908 1609 Max.
1955 1540 2042 1619 (Ι,
2092 1545 2151 1620 1,
2196 1543 2311 1624 11)
2356 1563 2638 1604 comune-

514 1684 874 1746 moi-arunt,
919 1665 1313 1730 Plutarchus
1362 1667 1690 1749 praeteriit.
1799 1660 2053 1724 Nomen
2104 1673 2316 1722 autem
2363 1661 2642 1741 scripto·

512 1794 626 1867 ris,
672 1808 863 1873 quem
910 1768 1255 1866 Appianus
1302 1782 1555 1850 citavit,
1626 1777 2097 1840 dubitationem
2143 1775 2394 1848 habet3‘
2451 1774 2660 1861 lege(

510 1904 703 1969 batur
764 1904 937 1966 enim
1001 1899 1259 1963 inMS.
1303 1896 1536 1961 Vales,
1581 1886 1928 1972 Καύσιος,
1997 1895 2166 1979 quod
2215 1891 2526 1961 Valesius
2569 1894 2642 1954 in

510 2015 817 2096 Κάσσιος
860 2020 1291 2104 (transposito
1325 2015 1625 2094 accentu)
1665 2015 1965 2091 mutavit,
2011 2034 2203 2097 quam
2239 1993 2640 2073 emendatio-

510 2159 662 2200 nem
725 2138 1011 2198 editores
1055 2104 1261 2194 secuti
1313 2145 1485 2192 sunt.
1578 2128 1707 2204 Qui
1773 2131 1829 2190 si
1876 2125 2148 2188 Cassius
2194 2126 2310 2190 ille
2355 2126 2641 2190 Hemina

512 2258 679 2333 fuit,
749 2276 788 2316 a
831 2240 1049 2315 Plinio
1094 2246 1209 2319 (Η.
1255 2243 1337 2308 N.
1385 2242 1610 2318 XIII,
1657 2241 1772 2318 13,
1841 2241 2139 2317 XXIX,
2185 2245 2263 2319 1)
2309 2259 2375 2305 et
2421 2242 2638 2333 fiellio

513 2371 630 2447 (Ν.
675 2369 758 2434 A.
805 2365 1037 2443 XVII,
1078 2367 1202 2440 21,
1245 2364 1319 2434 3)
1365 2359 1711 2435 laudatuS‚
1741 2359 1865 2441 ·qui
1913 2359 1978 2419 in
2026 2357 2301 2422 annales
2345 2361 2430 2424 ab
2476 2384 2541 2425 u.
2588 2381 2640 2424 c.

510 2489 624 2554 ad¹
655 2509 776 2551 sua
819 2498 1116 2567 tempora
1158 2491 1272 2541 aut
1330 2475 1564 2540 saltem
1624 2475 1706 2538 ad
1753 2472 1999 2538 bellum
2053 2474 2370 2540 Puni-:m
2420 2477 2486 2542 11
2530 2479 2641 2540 de.-

512 2609 744 2671 duetos
815 2601 1022 2667 multa
1082 2622 1118 2663 e
1183 2598 1387 2661 sacris
1456 2593 1645 2658 libris
1716 2607 1781 2656 et
1847 2593 2310 2658 traditionibus
2385 2596 2648 2658 videtur
2699 2659 2712 2670 ,

514 2722 955 2795 transtulisse,
998 2720 1164 2780 satis
1211 2719 1549 2797 antiquum
1590 2710 1925 2796 annalium
1963 2702 2341 2796 scriptorem
2376 2711 2462 2769 ad
2506 2731 2650 2771 ma—

516 2861 671 2902 num
735 2834 964 2899 habuit
1007 2832 1375 2916 Appianus.
1489 2829 1692 2892 Vixit
1746 2832 1917 2892 enim
1967 2832 2138 2893 cirea
2183 2849 2240 2892 a.
2285 2848 2344 2890 u.
2391 2846 2446 2889 c.
2487 2827 2647 2889 6⁶8.

517 2954 693 3022 Num
757 2974 915 3026 vero
974 2948 1098 3013 sub
1160 2949 1426 3011 nomine
1486 2937 1797 3019 Καύσιος
1838 2937 2145 3018 Κάσσιος
2202 2941 2408 3006 lateat
2426 2988 2447 3018 ‚
2514 2964 2648 3006 non

514 3094 782 3159 possum
867 3091 994 3133 non
1065 3065 1412 3129 admodum
1500 3064 1870 3137 dubitare3'
1930 3083 2166 3127 nomen
2242 3062 2414 3123 euim
2480 3059 2684 3132 illud*

518 3189 899 3252 mendosum
975 3207 1068 3247 ex
1136 3173 1489 3255 Κλαύδιος
1554 3204 1738 3266 aeque
1811 3180 2137 3259 eorrumpi
2205 3180 2458 3258 potuit,
2528 3198 2646 3239 nee

515 3303 789 3369 Cassius
852 3301 1117 3364 illorum
1166 3302 1553 3380 scriptorum
1606 3295 1861 3357 videtur
1905 3294 2153 3372 fuisse,
2221 3314 2387 3378 quos
2432 3298 2498 3358 in
2547 3293 2649 3356 his

517 3423 716 3488 rebus
760 3417 1109 3485 consulere
1153 3414 1445 3499 Appiani
1503 3414 1872 3475 interesset.
1994 3409 2097 3474 Ne
2139 3410 2339 3474 Livio
2386 3410 2650 3495 qvidem

517 3540 789 3625 placuit,
833 3540 945 3622 qui
993 3555 1311 3619 nusqvam
1357 3543 1495 3593 toto
1542 3548 1741 3612 opere
1786 3524 2003 3591 Cassii
2049 3550 2288 3592 nomen
2332 3525 2650 3590 laudave-

516 3660 605 3723 rit
647 3656 806 3739 (vid.
854 3651 1257 3716 Lachmann.
1304 3650 1385 3711 de
1430 3645 1781 3709 font-Liv.
1824 3644 1878 3724 Ι,
1921 3646 2065 3728 44).
2162 3644 2341 3709 Idem
2387 3662 2649 3730 quoque

517 3778 586 3840 in
634 3762 1022 3856 Dioujsium
1072 3765 1270 3831 valet.
1393 3762 1711 3848 Quisquis
1757 3777 1974 3827 autem
2024 3761 2087 3828 h.
2129 3762 2177 3829 l.
2243 3764 2482 3826 citatus
2527 3771 2649 3837 est,

500 4095 509 4099 ,
557 4044 646 4109 ¹⁰)
683 4040 772 4093 De
806 4038 1192 4112 suppositieio
1229 4036 1334 4091 illo
1363 4035 1515 4089 libro
1552 4032 1853 4105 Parthico,
1913 4033 2011 4107 qui
2048 4032 2208 4087 falso
2236 4031 2509 4104 Appiano
2547 4030 2649 4089 tri·

547 4177 551 4181 .
684 4130 863 4184 butus
894 4139 1006 4193 est,
1033 4131 1153 4187 vid.
1175 4125 1705 4200 Schweighaeuser.
1725 4127 1944 4202 Opone.
1961 4125 2233 4182 Aeadem.
2252 4123 2327 4188 n,
2342 4141 2398 4195 p.
2419 4132 2492 4182 ⁶1
2517 4138 2647 4196 sqq.
