2832 4693
589 314 690 386 22

478 519 614 588 alia
671 521 928 583 ratione
989 516 1267 589 ductus,
1343 515 1473 577 nisi
1535 513 1704 597 quod
1750 513 2028 578 Fabium
2074 480 2423 598 Appianus
2481 516 2615 582 illo

348 640 355 645 ’
476 639 626 702 loco
689 638 951 699 nomine
994 631 1352 720 laudasset.
1481 628 1674 704 Quod
1718 653 1918 716 quum
1961 631 2044 693 de
2088 631 2398 715 Appiano
2443 636 2619 711 satis
2697 710 2706 717 ‚

470 766 778 820 constare
842 748 1250 817 Niebuhrius
1304 760 1609 832 putaret,
1698 747 1872 811 idem
1943 750 2010 809 in
2080 745 2367 811 Dionem
2440 772 2609 834 quo-

466 892 645 955 que,
703 871 809 933 cui
873 872 940 932 iu
1006 881 1193 952 parte
1271 886 1489 936 rerum
1556 864 1950 928 Punicarum
2015 862 2390 928 similitudo
2455 888 2614 932 cum

476 984 785 1069 Appiano
830 985 1303 1061 intercederet,
1370 1003 1500 1044 non
1565 978 2070 1045 miuus.valere
2127 983 2441 1057 credidit;
2484 1005 2615 1051 nec

474 1115 697 1177 vtamen
757 1101 947 1165 illum
994 1100 1277 1163 fortasse
1348 1122 1440 1163 ex
1500 1098 1652 1162 aliis
1719 1111 2038 1183 proterea
2103 1096 2401 1162 fontibus
2441 1099 2611 1164 hau·

476 1220 645 1282 sisse
720 1229 938 1301 negat.
1046 1216 1208 1279 Hoec
1272 1215 1350 1277 de
1398 1212 1627 1281 Fabio.
1671 1246 1756 1264 ο·-
1810 1212 1959 1278 Non
2026 1227 2178 1276 ante
2247 1214 2402 1280 huic
2441 1238 2608 1302 prm-

474 1333 711 1396 fationi
759 1330 958 1394 finem
1002 1330 1294 1394 facturus
1338 1352 1523 1408 sum,
1582 1351 1774 1415 quam
1823 1327 1997 1393 binis
2048 1328 2158 1393 vel
2204 1335 2414 1396 ternis
2460 1356 2609 1397 ver-

478 1448 582 1513 bis
654 1448 996 1533 Polybium
1063 1460 1129 1510 et
1193 1446 1666 1530 Hieronymum
1725 1468 2377 1527 commemoravero,
2442 1471 2607 1535 quos

480 1564 566 1628 ab
609 1565 913 1647 Appiano
939 1565 1262 1629 ,laudatos
1306 1585 1453 1627 esse
1471 1616 1478 1621 ff
1498 1585 1695 1646 supra
1738 1564 2044 1628 indicavi.
2167 1563 2477 1650 Polybius
2522 1569 2610 1631 de

478 1681 760 1744 diversis
808 1674 1028 1758 bellis,
1075 1702 1217 1764 quoe
1260 1703 1404 1744 cum
1452 1680 1766 1743 Romanis
1816 1679 1998 1744 Galli
2044 1695 2414 1766 gesserunt,
2458 1681 2505 1746 l.
2548 1682 2610 1763 Ι,

478 1800 559 1876 63
605 1794 709 1873 11,
757 1818 888 1880 per.
936 1809 1053 1858 tot.
1122 1794 1240 1859 lib.
1304 1799 1701 1859 mentionem
1749 1797 1955 1871 fecit3
2020 1818 2185 1881 quos
2243 1800 2300 1859 si
2345 1798 2610 1882 Polybii

477 1910 662 1975 locos
706 1934 852 1975 cum
899 1910 1142 1976 Gallici
1185 1910 1340 1975 libri
1385 1896 1775 1996 fragmentis
1817 1886 2345 1998 comparaveris,
2383 1936 2475 1977 ex
2520 1917 2607 1979 iis

481 2027 644 2092 nihil
692 2029 1068 2114 Appianum
1114 2032 1181 2091 in
1248 2051 1435 2094 suam
1483 2029 1822 2093 historiam
1885 2029 2340 2107 transtulisse,
2404 2029 2606 2094 facile

479 2142 928 2211 intellexeris,
1015 2145 1491 2227 Hieronymum
1554 2159 1771 2209 autem
1833 2143 2232 2209 Cardianum
2296 2147 2365 2208 in
2408 2145 2605 2210 rebus

478 2259 562 2323 ab
593 2260 983 2324 Alexandro
1030 2259 1124 2323 M.
1170 2264 1375 2345 gestis
1424 2261 1817 2344 (Mithridat.
1859 2264 1932 2337 8)
1979 2274 2209 2324 testem
2256 2264 2351 2325 ita
2397 2264 2613 2327 advo·
2747 2244 2756 2249 ³

481 2378 681 2453 cavit,
725 2389 797 2438 ut
834 2381 966 2441 vix
996 2377 1280 2441 dubitari
1311 2382 1542 2465 possit,
1586 2382 1742 2465 quin
1784 2380 1930 2460 ejus
1976 2377 2318 2442 historiam
2366 2383 2448 2462 ad
2476 2403 2602 2446 ma·

480 2511 635 2555 num
683 2491 1007 2559 habuerit.
1117 2494 1351 2560 Utrum
1409 2518 1570 2560 vero
1616 2500 1680 2560 in
1727 2495 1923 2560 rebus
1963 2514 2228 2579 quoque
2272 2518 2312 2558 a
2358 2498 2605 2582 Pyrrho

479 2611 689 2694 gestis
734 2613 1010 2697 scriptor
1056 2609 1447 2690 Cardianus,
1492 2591 1684 2697 quem
1721 2612 2082 2695 Dionysius
2127 2625 2195 2673 et
2215 2612 2603 2678 Plutarchus

479 2722 632 2805 plus
680 2728 977 2788 minusve
1041 2732 1109 2789 in
1158 2749 1349 2790 usum
1415 2704 2025 2809 adhibueruut¹⁶),
2086 2730 2389 2811 Appiano
2448 2742 2602 2793 ante

481 2837 709 2918 oculos
764 2840 997 2923 fuerit,
1041 2842 1388 2922 dijudicari
1435 2845 1696 2927 nequit3
1766 2843 1916 2908 fieri
1960 2859 2174 2910 autem
2221 2845 2465 2929 potuit,
2529 2856 2601 2908 ut

481 2973 755 3033 eorum,
813 2958 881 3018 in
927 2957 1166 3042 quibus
1209 2959 1550 3045 Appianus
1596 2958 1677 3024 ab
1724 2960 2045 3046 Dionysio
2110 2963 2410 3024 diversus
2454 2983 2602 3026 cum

477 3068 833 3134 Plutarcho
872 3077 1215 3156 consentit,
1260 3099 1461 3141 unum
1492 3086 1562 3140 ef
1594 3076 1873 3143 alterum
1904 3081 2231 3165 originem
2275 3076 2379 3141 illi
2401 3080 2596 3164 scrip·

478 3185 604 3245 tori
652 3185 939 3251 deberet.
1410 3203 1413 3206 ’
1791 3203 1796 3206 ’

520 3520 614 3586 ¹⁶)
652 3519 773 3577 Csr.
811 3523 1044 3596 Dionys,
1080 3524 1126 3589 Ι,
1163 3532 1234 3594 65
1272 3523 1562 3582 Plutarch.
1603 3521 1826 3596 (Pyrrh.
1870 3530 1956 3597 17,
1990 3526 2105 3594 81).
