2832 4693
595 283 697 360 34

480 496 589 570 28,
655 494 816 556 satis
859 489 1280 575 intelligitur·
1389 485 1783 574 Quanquam
1846 491 1930 553 ad
1975 488 2184 559 verba
2225 489 2426 553 Livio
2472 487 2614 574 Ap-

480 614 717 696 pianus
762 607 1046 672 similior
1092 620 1220 681 est,
1266 604 1432 670 nibil
1477 620 1692 670 tamen
1725 605 1974 685 obstat,'
2011 627 2143 692 que
2189 609 2406 673 miuus
2451 604 2623 670 illud
2713 600 2724 615 '

481 727 789 811 Dionysii
848 726 943 808 (c.
1001 725 1123 809 22)
1196 716 1287 797 οἷς
1350 721 1568 796 κακῶς
1616 716 2160 810 ἐστρατηγηκότα
2226 745 2347 788 suo
2397 721 2614 787 Marte

478 848 546 909 in
619 844 893 907 eandem
959 843 1381 905 sententiam.
1426 843 1892 923 interpretatus
1958 852 2108 904 es'se
2172 842 2616 905 existimetur.

481 961 1077 1047 Schweighaeuser
1125 972 1385 1036 autem,
1456 960 1567 1042 qui
1628 950 1922 1025 ”αὐτο“ν”
1988 957 2162 1022 falso
2208 959 2290 1045 ad
2338 956 2615 1021 Tullum

482 1077 845 1163 Hostilium
894 1092 961 1141 et
1003 1092 1137 1140 tres
1180 1073 1338 1138 illos
1378 1076 1559 1138 viros
1603 1076 1684 1139 ad
1707 1076 2024 1140 Horatios
2067 1074 2612 1155 'retuleritslooos

479 1166 711 1259 citavit
744 1193 847 1257 his
877 1192 1074 1257 rebus
1116 1191 1377 1275 alienos
1395 1191 1575 1274 (Liv.
1599 1191 1654 1271 1,
1675 1194 1797 1266 25,-
1845 1193 2117 1277 Dionys.
2141 1192 2265 1270 ΙΙΙ,
2291 1195 2393 1256 18.
2414 1193 2609 1279 sqq.).

830 1310 985 1374 Vn.
1078 1309 1262 1392 Apud
1308 1309 1579 1375 Suidam.
1622 1344 1707 1357 --
1747 1311 2271 1378 AIKAIOYN.

672 1427 779 1491 De
843 1448 999 1512 paee
1046 1449 1190 1489 cum
1239 1423 1518 1488 Gabinis
1573 1425 1876 1491 facienda
1918 1426 2296 1512 Appianum
2343 1444 2472 1491 non
2514 1428 2608 1488 vi·

481 1547 639 1608 deas
667 1547 793 1607 nisi
821 1543 1128 1627 Dionysii
1177 1542 1378 1607 verba
1408 1542 1568 1627 (lv,
1608 1542 1869 1628 54fin.)
1916 1547 2246 1611 variasset
2292 1545 2613 1629 Appiana

485 1652 869 1748 συμβάσεις
910 1673 1176 1738 ποιεῖνς
1225 1660 1537 1746 Dionys.:
1581 1656 1955 1749 ὁμολογίας
1997 1659 2384 1748 ποιήσαθαι
2426 1687 2503 1728 π.
2546 1686 2605 1728 τ.

480 1779 654 1864 Fufi.
677 1805 702 1859 3
749 1778 1069 1864 Appiam:
1116 1770 1218 1861 ἐφ’
1252 1772 1353 1851 οἷς
1383 1770 1475 1843 ἂν
1500 1768 1676 1859 Γάβ.
1721 1777 2115 1859 demanium,-
2159 1779 2464 1863 Dionys.:
2509 1773 2614 1864 ἐφ’

479 1889 582 1969 οἷς
605 1889 700 1961 ἄν
743 1900 987 1962 ἐκεῖνοι
1030 1895 1282 1961 θέλωσι
1327 1895 1385 1963 ὃ.
1430 1894 1664 1960 Livius
1696 1868 2025 1963 banc'rem
2057 1899 2320 1965 omnino
2350 1910 2612 1981 praeter·

482 2015 685 2077 misit.

582 2126 774 2193 vlu.
866 2131 1050 2212 Apud
1097 2131 1566 2196 Grammaticum
1610 2133 2270 2218 San-Germanensem,
2315 2136 2501 2201 Bekk.

1166 2248 1474 2314 Anecdot.
1517 2271 1575 2333 p.
1628 2250 1768 2328 180,
1817 2252 1917 2316 15.
2618 2312 2626 2324 .

657 2365 978 2430 Fabulam
1025 2364 1207 2428 illam
1236 2367 1316 2428 de
1340 2365 1528 2430 libris
1555 2367 1903 2451 Sibyllinis
1927 2368 2288 2452 Dionysius
2313 2369 2471 2453 (lv,
2489 2369 2610 2455 62)

477 2482 700 2560 refert,
745 2482 983 2545 Livius
1044 2484 1287 2547 omisit.
1389 2483 1648 2548 Similia
1708 2486 1845 2548 fere
1894 2485 2023 2549 Dio
2073 2481 2345 2550 Cassius
2393 2510 2614 2558 narra*
2679 2517 2684 2524 ’

476 2601 597 2679 vit,
642 2602 750 2685 (ut
796 2622 888 2665 ex
935 2589 1185 2664 'l'zetze
1231 2601 1312 2664 ad
1337 2600 1779 2687 Lycophront.
1847 2602 2136 2667 Reimar.
2186 2601 2268 2668 ll.
2310 2625 2373 2688 p.
2421 2604 2611 2682 1522,

477 2727 543 2777 et
587 2736 674 2777 ex
720 2716 983 2778 Zonara
1027 2716 1199 2792 Vll,
1245 2721 1323 2778 11
1372 2733 1472 2779 est
1517 2717 2017 2802 colligendum).
2124 2719 2287 2782 Haee
2330 2722 2398 2782 in
2446 2722 2615 2784 anti-

477 2833 624 2913 quis
669 2830 1019 2894 annalibus
1068 2809 1323 2915 prodita
1368 2854 1515 2896 esse
1561 2833 1821 2898 Gellius
1866 2838 2024 2900 dicit
2066 2835 2157 2919 (Ι,
2202 2836 2338 2919 19).

523 3003 528 3008 .
639 2945 765 3012 lx.
861 2950 1290 3034 Fragmentum
1336 2952 1498 3034 apud
1543 2953 1806 3047 Suidam3
1860 2987 1926 2999 --
1982 2953 2448 3020 ΟΡΑΤῙΟΣ.

1272 3053 1832 3138 ΑΧΡΗΣΤῙΑ.
2199 3091 2202 3094 ·

656 3175 964 3261 Appiano
1013 3180 1316 3270 Dionysii
1379 3190 1823 3252 narrationem
1867 3186 2012 3270 (V,
2075 3187 2204 3258 24,
2275 3186 2396 3270 25)
2457 3199 2610 3251 ante

470 3296 697 3366 oculos
741 3297 973 3378 fuisse,
1019 3303 1435 3384 perspicuum
1484 3275 1623 3377 est,
1666 3305 1784 3366 sed
1828 3325 1973 3389 quae
2015 3304 2096 3366 (le
2146 3300 2606 3366 vulneratione

470 3419 640 3502 apud
689 3417 873 3481 illum
918 3416 1252 3505 leguntur,
1302 3409 1519 3481 studio
1564 3421 1663 3480 rei
1709 3421 2041 3482 variandae
2089 3441 2342 3503 parum,
2387 3432 2461 3482 ut
2502 3441 2610 3482 so·-

466 3533 584 3609 let,
626 3549 943 3618 accurate*
971 3535 1273 3600 reddidit.
1371 3534 1608 3596 Livius
1652 3531 1772 3610 (11,
1819 3537 1970 3614 1⁰),
2014 3532 2409 3599 Plutarchus
2454 3535 2611 3613 (Po-

466 3645 622 3732 plic.
692 3647 806 3716 16)
882 3648 1043 3709 nihil
1119 3649 1199 3711 de
1258 3647 1520 3709 Horatii
1589 3661 1764 3710 sorte
1843 3651 2074 3731 iniqua
2145 3651 2607 3732 prodiderunt,

470 3779 839 3846 quanquam
886 3760 993 3822 hio
1033 3759 1304 3823 vulnera
1349 3766 1499 3845 ejus
1545 3762 2129 3832 commemoravit3
2188 3767 2361 3846 quod
2408 3768 2612 3829 etiam

470 3882 552 3946 ab
578 3884 795 3980 Dione
835 3897 981 3946 esse
1005 3876 1276 3953 factum,
1311 3897 1395 3940 ex
1418 3877 1466 3939 l.
1490 3876 1834 3953 XLV‚·³2
1862 3872 2315 3963 colligendum
2349 3881 2612 3965 estv).

506 4104 596 4168 ²')
633 4100 878 4189 Reimnr.
913 4100 963 4164 I,
998 4119 1058 4170 p.
1094 4106 1227 4158 4412
1263 4098 1331 4156 οὓ
1360 4097 1450 4170 μα’
1487 4099 1552 4158 vti
1584 4099 1765 4164 σκέλος
1796 4102 1861 4164 τὸ
1891 4099 2164 4179 Ὁρατίου.
