2832 4693
2099 340 2195 412 61

202 540 349 595 Dion
381 538 541 596 Cass.
579 538 675 604 (C.
713 538 901 595 Vatic.
934 557 991 611 p.
1033 541 1180 607 no),
1216 539 1385 593 Oros.
1424 536 1573 609 (lv,
1620 545 1715 604 8),
1751 540 2015 597 Frontin.
2053 546 2317 618 (strata-g.

200 629 296 697 IV,
326 635 411 707 J).
509 630 655 697 Qua
698 647 876 701 quum
912 629 994 682 ita
1032 629 1186 696 sint,
1237 647 1448 684 nomen
1484 630 1817 686 Fabricium
1874 633 2026 704 apud
2062 637 2328 709 Appiam:

201 722 706 793 Schweighaeuser
740 738 872 773 cum
926 721 1161 774 valesio
1209 729 1546 793 corruptum
1585 739 1713 777 esse
1748 732 2003 780 censent.
2073 730 2154 780 At
2187 728 2317 785 vide

199 816 432 888 Dionys.
452 814 582 880 XX,
616 821 668 881 7,
702 821 759 876 8,
793 811 892 864 nbi
932 809 1274 867 seditionem
1310 814 1562 867 militum
1596 816 1859 887 punitam
1892 815 1966 868 ad
1997 816 2324 875 Genucinm'

200 906 488 981 consulem
540 904 644 958 ille
701 903 932 975 quidem
992 902 1209 967 refert,
1265 904 1367 958 sed
1425 923 1546 958 eam
1596 906 1802 977 utique
1860 906 2095 962 alteram
2129 916 2320 976 vocat,

201 999 349 1053 unde
377 999 617 1069 colligas
637 1038 654 1066 ‚
692 994 930 1049 alteram
969 996 1381 1065 antecessisse,
1432 1015 1602 1069 quam
1638 998 1710 1051 ad
1743 998 2078 1053 Fabricium
2105 1002 2317 1056 =consu-

199 1089 306 1143 lem
344 1089 582 1143 relatam
628 1083 814 1139 fuisse
848 1085 969 1138 veri
1029 1089 1336 1142 admodum
1371 1088 1560 1142 simile
1596 1096 1717 1152 est,
1784 1107 1960 1162 quum
1997 1095 2321 1162 presertim

199 1180 259 1235 in
293 1180 502 1235 ceteris
540 1181 612 1235 de
626 1181 810 1235 Decio
836 1181 1086 1236 narratis
1121 1188 1370 1251 uterque
1407 1181 1754 1246 consentiat,
1790 1181 1862 1235 ab
1898 1183 2030 1237 aliis
2066 1186 2320 1245 recedat.

200 1332 343 1397 Lib.
377 1333 622 1398 Gallie.
668 1335 991 1416 IEpitom2
1028 1336 1164 1398 libr.
1212 1334 1267 1397 ll
1290 1334 1441 1398 Exc.
1487 1334 1626 1398 VIII
1670 1336 1748 1398 de
1772 1335 2214 1416 Legationibus
2237 1374 2321 1383 —

200 1440 281 1503 III
321 1439 472 1503 Exc.
519 1440 603 1502 lx
646 1441 726 1503 de
770 1441 983 1522 Legat.
1034 1474 1103 1486 -
1170 1440 1250 1500 lv
1291 1440 1533 1520 Fragm.
1579 1458 1675 1519 ap.
1721 1439 1894 1504 Suid.
1934 1475 2019 1487 —
2076 1444 2129 1504 V
2170 1443 2321 1507 Exc.

200 1544 459 1608 Peiresc.
510 1579 578 1589 -
626 1545 735 1607 VII
779 1545 1018 1627 Fragm.
1064 1564 1163 1625 sp.
1205 1544 1375 1608 Suid.
1438 1551 1506 1606 et
1545 1544 1696 1607 Exc.
1743 1545 2009 1611 Peiresc.
2055 1580 2139 1594 —
2180 1549 2332 1610 vln-

959 1649 1198 1730 Frsgm.
1245 1668 1340 1729 ap.
1385 1648 1556 1713 Suid.
2331 1680 2334 1687 ·

333 1783 683 1855 Appianum,
721 1785 874 1837 sieut
906 1785 968 1837 in
1005 1786 1424 1857 superioribas,
1462 1786 1544 1839 sic
1582 1787 1753 1839 etiam
1781 1786 1844 1840 in
1867 1787 2108 1841 Gallicis
2143 1788 2320 1847 rebus

205 1889 526 1945 quanquam
577 1872 696 1941 jam
740 1873 811 1925 ab
848 1874 1019 1925 initio
1070 1875 1247 1925 alium
1299 1877 1504 1926 ducem
1555 1878 1629 1927 ad
1669 1896 1898 1929 manum
1950 1896 2014 1931 se
2048 1879 2323 1933 habuisse

200 1966 322 2037 ipse
359 1963 676 2018 declaravit
709 1963 872 2032 (vl),
905 1963 1173 2035 Dionysii
1204 1971 1393 2018 tamen
1431 1949 1830 2019 narrationem*
1863 1974 1999 2022 ante
2035 1970 2227 2021 omnia
2262 1970 2328 2022 in

195 2073 362 2110 usum
413 2055 807 2118 convertisse,
869 2054 932 2107 in
968 2055 1207 2108 exordio
1246 2057 1745 2109 commentationis
1780 2058 2172 2129 significatum
2218 2067 2321 2116 est.

190 2148 391 2202 Livius
429 2148 526 2213 (V.
576 2154 646 2201 34
682 2150 835 2218 sqq.)
883 2147 1176 2219 praecipuc
1226 2147 1296 2201 de
1334 2147 1633 2204 Gallorum
1681 2149 1745 2202 in
1797 2148 2020 2223 ltaliam
2075 2151 2324 2204 transitu

193 2241 437 2294 multum
475 2239 546 2293 ab
583 2239 795 2292 ceteris
831 2239 1218 2311 scriptoribus
1255 2239 1547 2311 discrepat
1582 2240 1721 2307 (vid.
1761 2240 2103 2295 lachmann.
2146 2239 2204 2305 l,
2263 2261 2319 2313 p.

190 2338 317 2397 πῆς
355 2331 633 2404 Polybius
659 2349 864 2385 rursus
890 2331 963 2399 (I,
987 2336 1046 2395 6)
1085 2330 1294 2387 abillis
1316 2332 1594 2397 discedit3
1631 2332 1845 2407 reliqui
1867 2333 2001 2405 plus
2021 2333 2213 2388 minus
2240 2334 2321 2387 in·

194 2433 284 2478 ter
323 2441 388 2477 se
423 2426 810 2483 consentiunt,
881 2429 962 2477 At
996 2426 1154 2478 inter
1186 2427 1517 2499 Appianum
1557 2434 1615 2479 et
1648 2427 1996 2500 Dionysium
2034 2434 2093 2480 et
2127 2427 2190 2480 in
2226 2445 2324 2481 re-

192 2517 303 2570 bus
360 2523 418 2568 et
456 2516 517 2568 in
556 2517 750 2569 verbis
786 2516 969 2569 mirus
1004 2517 1350 2591 plerumque
1400 2536 1736 2576 consensus.
1827 2517 2138 2589 Exempla,
2199 2536 2326 2590 quoe

188 2610 307 2663 hue
341 2609 675 2681 pertinent,
725 2607 983 2661 breviter
1016 2625 1257 2678 ponam:
1295 2614 1446 2682 App.
1498 2609 1555 2678 1,
1590 2608 1647 2664 II
1687 2618 1743 2663 et
1781 2609 1893 2680 nl,
1944 2611 2119 2664 Dion.
2159 2611 2324 2681 xm,

193 2708 421 2768 14-19,
459 2700 531 2754 de
566 2699 754 2771 primo
795 2699 1093 2753 Gallorum
1130 2702 1381 2755 adventu
1419 2703 1481 2755 in
1518 2702 1744 2756 Italiam
1782 2719 1956 2774 super
1973 2702 2153 2773 Alpes
2193 2721 2324 2775 pro-

191 2795 518 2857 fectorum,
577 2792 650 2845 de
684 2791 843 2845 bello
883 2790 1165 2856 Clusino,
1226 2795 1299 2847 de
1357 2795 1549 2848 trihus
1588 2794 1785 2848 Fabiis
1839 2799 2125 2861 (ceterum
2175 2771 2358 2867 apud'

190 2895 504 2957 utrumque
538 2885 707 2956 plura
760 2885 832 2937 ab
872 2885 1306 2956 excerptoribus
1357 2893 1496 2939 sunt
1529 2887 1949 2958 praetermissa,
1988 2903 2116 2956 quoe
2150 2886 2224 2939 ad
2251 2887 2326 2939 si·

189 2977 581 3033 militudinem
615 2975 975 3045 singularum
1012 2993 1204 3030 rerum
1239 2977 1471 3047 plenius
1505 2977 1861 3049 probandam
1898 2977 2090 3031 valere
2124 2985 2326 3049 potue-

187 3080 366 3138 runt3
409 3068 565 3142 quod
601 3066 753 3138 apud
787 3066 1129 3139 Dionysium
1168 3066 1373 3133 (XIII,
1415 3078 1510 3135 18)
1555 3087 1672 3125 non
1712 3077 1801 3124 est
1837 3070 1954 3123 nisi
1990 3069 2063 3122 de
2098 3068 2326 3123 duobus

184 3162 391 3217 Fabiis
427 3160 646 3213 mentio
687 3157 858 3227 facta,
916 3160 1260 3229 corruptelae
1311 3161 1589 3226 debetur,
1644 3162 1818 3235 paulo
1855 3162 2008 3214 enim
2060 3167 2193 3214 ante
2231 3158 2329 3219 εἷς

185 3248 303 3312 τῶν
337 3249 758 3323 πρεσβευόντων,
795 3266 913 3303 non
949 3250 1124 3321 ἕτερυς
1161 3251 1438 3324 legitur);
1492 3256 1638 3326 App.
1669 3251 1771 3322 IV,
1804 3252 2049 3327 Dionys.
2088 3251 2254 3318 xm,
2292 3259 2329 3306 9

188 3345 264 3398 de
303 3344 514 3398 Pontio
552 3340 844 3403 Cominio,
885 3358 1054 3412 quem
1106 3342 1619 3416 Schweighaeuser
1655 3344 1952 3399 valesium
1990 3353 2226 3398 secutus
2264 3347 2328 3399 in

187 3445 314 3495 not.
356 3437 430 3489 ad
464 3435 519 3489 h.
558 3433 596 3490 I.
635 3432 1046 3486 cumGaedicio
1084 3436 1460 3504 permiscuit;
1498 3436 1695 3502 (idem,
1734 3440 1888 3509 quod
1908 3457 2079 3510 supra
2106 3438 2328 3502 monui,

182 3530 251 3582 in
308 3528 432 3581 hoec
489 3540 719 3598 quoque
767 3533 1039 3597 excerpta
1087 3524 1272 3587 valet3
1330 3525 1437 3580 cfr.
1475 3534 1749 3597 praterea
1785 3529 2079 3587 Plutarch.
2134 3529 2197 3584 G.
2236 3535 2327 3594 26,

184 3621 345 3674 Gell.
398 3616 603 3691 xvu,
667 3627 722 3685 2,
759 3621 873 3674 Dio
912 3619 978 3676 C.
1026 3615 1121 3685 (G.
1162 3615 1291 3672 vat.
1324 3621 1385 3682 8)
1426 3615 1634 3675 Zonar.
1670 3617 1813 3683 vn,
1872 3627 2005 3689 23);
2061 3623 2216 3694 App.
2260 3622 2329 3686 V,

179 3712 366 3768 Dion.
407 3709 565 3778 XIII,
604 3722 658 3776 7,
693 3722 750 3776 8,
794 3712 866 3765 de
889 3709 1144 3765 Caedicio
1180 3708 1370 3779 legato
1383 3727 1406 3771 ,-
1444 3710 1622 3781 (apud
1657 3716 1881 3766 ceteros
1918 3714 2070 3767 nihil
2105 3714 2177 3767 de
2205 3713 2324 3767 Ga·

184 3804 332 3858 dieii
372 3805 662 3875 legatione
697 3804 952 3874 legitur3
1000 3818 1075 3855 ne
1111 3801 1264 3873 apud
1301 3800 1528 3854 Livium
1564 3801 1832 3874 quidem,
1872 3805 1970 3877 qui
2010 3804 2329 3860 Cadicium

179 3896 295 3969 (V,
342 3901 442 3961 46)
485 3903 927 3958 commemorat,
967 3893 1157 3949 simile
1196 3893 1512 3965 quidquam
1547 3893 1621 3947 de
1660 3910 1729 3947 eo
1767 3895 2055 3958 refertum
2094 3904 2154 3950 at
2190 3896 2330 3952 mo-

182 4006 315 4062 nys.
362 3986 471 4042 vu
513 3995 786 4060 excepto,
824 3987 980 4060 qnod
1016 3987 1208 4042 Baius
1243 3993 1580 4056 corruptum
1619 4002 1746 4040 esse
1782 3987 1844 4042 in
1879 3995 2001 4042 not.
2058 3987 2130 4040 ad
2182 3987 2237 4041 b.
2288 3987 2332 4044 1.

182 4080 440 4149 monuit,
476 4080 780 4152 Appianus
809 4097 937 4133 rum
963 4078 1249 4151 Dionysio
1270 4079 1414 4131 mire
1447 4079 1803 4149 consentit);
1837 4080 1983 4152 App.
2022 4077 2071 4142 1,
2108 4085 2160 4140 1,
2202 4073 2331 4142 vu,

192 4169 362 4244 vm,
398 4171 574 4229 Dion.
610 4170 774 4236 xlv,
817 4176 912 4238 12,
952 4176 1197 4234 18-11,
1234 4169 1308 4228 de
1343 4170 1522 4225 altera
1560 4169 1859 4228 Gallorum
1894 4170 2170 4227 adversus
2205 4165 2331 4222 no-
