2832 4693
2127 250 2226 322 13

207 455 410 522 rebus
453 452 893 529 consuluerit,
952 472 1160 513 necne
1205 449 1644 526 consuluerit,
1690 453 2105 534 qua-,rendum
2154 453 2345 518 nobis

212 587 337 638 est.
453 572 695 637 Gallie.
759 568 837 642 l,
905 571 950 632 8
992 571 1058 632 in
1105 567 1292 632 clade
1337 568 1416 631 L.
1463 565 1692 630 Cassio
1738 591 1800 635 a.
1860 590 1923 631 u.
1985 572 2114 634 647
2155 570 2346 636 illata

212 689 566 756 Claudium
613 689 1390 771 (corrupto-praenomine
1433 684 1735 759 Paulum)
1779 699 2010 749 testem
2059 687 2342 752 advoca-

213 810 342 880 vit3
418 803 835 869 Hannibalic.
903 825 954 867 c.
1012 805 1098 866 27
1164 802 1249 878 Q.
1300 801 1580 867 Fabium
1638 802 2057 881 (Pictorem),
2115 806 2344 874 Punic.

214 946 273 988 c.
322 924 448 985 182
492 920 877 1005 Polybium,
950 917 1375 983 Mithridatio.
1449 940 1497 980 c.
1543 921 1588 981 8
1633 917 2101 1003 Hieronymum
2149 922 2347 1004 (Car-

212 1040 510 1114 dianum)
578 1037 952 1103 nominibus
1015 1034 1255 1098 Noster
1317 1035 1635 1100 laudavit.
1691 1074 1775 1084 —-
1817 1036 2036 1101 Antea
2104 1055 2346 1120 autem,

214 1178 408 1240 quam
456 1157 537 1220 ad
584 1155 742 1219 illos
786 1167 1090 1218 auctores
1133 1154 1499 1238 tangendos
1543 1156 1922 1240 aggrediar,
1968 1156 2050 1217 de
2094 1157 2351 1221 duobus

216 1270 645 1356 scriptoribus
708 1271 1051 1334 dicendum
1122 1273 1282 1347 erit,
1349 1291 1512 1354 quos
1578 1270 1662 1332 ab
1734 1274 2036 1356 Appiano
2107 1272 2349 1359 aliquis

220 1391 443 1453 credat
489 1393 555 1452 in
603 1410 788 1452 usum
839 1408 984 1449 esse
1031 1386 1396 1464 adhibitos,
1460 1385 1726 1448 Livium
1793 1388 1938 1451 dico
1985 1403 2051 1450 et
2096 1389 2353 1454 Plutar-

218 1506 436 1570 cbum.
554 1509 845 1571 Fuerunt
905 1506 1121 1580 enim,
1187 1507 1296 1587 qui
1357 1504 1738 1587 Appianum
1805 1504 2004 1568 multa
2075 1530 2110 1570 e
2170 1508 2354 1572 Livii

215 1622 407 1687 libris
431 1624 735 1687 hausisse
769 1622 1262 1697 contenderem,
1308 1624 1461 1703 quin
1489 1620 1912 1685 Plutarchum
1960 1625 2040 1686 ad
2080 1625 2349 1689 verbum

224 1739 611 1803 exscribere
656 1739 961 1812 solitum;
1009 1758 1277 1823 quorum
1329 1740 1578 1800 neutris
1624 1743 1967 1805 assentior.
2058 1740 2197 1803 lmo
2245 1764 2355 1826 po-

218 1860 350 1920 tius
395 1858 631 1935 dicam,
674 1857 939 1920 Livium
988 1876 1306 1938 nnsqvam
1353 1856 1421 1915 in
1469 1857 1778 1917 universo
1827 1879 2049 1940 opere,
2115 1862 2238 1921 nisi
2285 1863 2355 1922 in

215 1979 439 2060 priore
473 1976 764 2037 historiae
801 1992 1035 2054 regum
1081 1985 1291 2051 parte,
1336 1970 1420 2032 ab
1465 1968 1710 2032 Nostro
1756 1992 1903 2033 esse
1948 1973 2353 2051 consultum3

219 2112 596 2176 quanquam
661 2110 742 2151 ne
786 2090 869 2151 de
912 2109 990 2149 ea
1039 2089 1298 2171 quidem
1349 2087 1697 2171 quidquam
1763 2110 1877 2171 pro
1938 2104 2116 2152 certo
2176 2091 2358 2155 affir-

220 2211 390 2272 mari
439 2220 672 2292 potest.
773 2206 863 2268 At
910 2218 1085 2268 certe
1110 2217 1291 2266 tanta
1327 2216 1427 2265 est
1471 2206 1538 2266 in
1585 2203 1868 2290 singulis
1914 2209 2357 2291 antiquiorum

221 2339 590 2411 temporum
656 2323 851 2389 rebus
897 2345 1042 2387 cum
1090 2320 1287 2385 Livio
1333 2320 1732 2399 similitudo,
1804 2337 1873 2384 ut
1920 2345 2047 2387 non
2097 2349 2363 2410 prorsus

223 2465 475 2528 negare
534 2443 849 2514 audeam,
915 2443 1074 2524 quin
1140 2437 1222 2500 ab
1285 2460 1366 2501 eo
1431 2441 1775 2522 Appianus
1836 2440 1960 2502 boc
2026 2443 2130 2503 vel
2196 2443 2357 2507 illud

224 2562 588 2641 sumpsisse
615 2559 913 2618 videatur
939 2577 959 2620 .·.
983 2575 1179 2637 quum
1208 2556 1568 2636 praesertim
1604 2554 1889 2614 locorum
1918 2558 2085 2638 apud
2119 2573 2365 2620 utrum-

226 2698 356 2762 que
386 2671 702 2737 similium
731 2694 927 2735 unum
978 2685 1043 2732 et
1071 2669 1350 2734 alterum
1377 2670 1549 2754 apud
1576 2667 1775 2732 alium
1814 2674 2138 2738 neminem
2174 2676 2358 2739 inve·

226 2796 463 2858 nerim.
586 2790 803 2872 Hujus
847 2788 1303 2853 similitudinis
1348 2786 1660 2871 exempla
1705 2803 1858 2851 stunt
1903 2788 1972 2867 l,
2043 2796 2079 2855 1
2125 2816 2363 2858 nomen

225 2909 381 2973 Lat.
430 2907 912 2991 Aboriginibus
957 2906 1039 2969 ab
1085 2905 1301 2969 AEnea
1347 2904 1612 2982 datum,
1677 2905 1886 2969 altera
1945 2907 2026 2967 de
2072 2910 2361 2974 Ascanio

226 3028 568 3099 narratio,
631 3045 772 3107 quae
817 3023 1117 3085 Livianae
1163 3021 1534 3104 confusioni
1581 3025 1900 3107 originem
1952 3026 2212 3088 videtur
2254 3029 2367 3090 de·

229 3143 432 3220 bere,
479 3139 740 3204 Romuli
788 3138 986 3203 Silvii
1035 3159 1272 3200 nomen
1320 3139 1577 3224 utrique
1624 3160 2006 3218 commune,
2068 3125 2372 3228 impietas

231 3265 424 3344 ejus,
490 3260 596 3321 cui
642 3260 843 3320 ceteri
888 3258 1361 3327 immorantur,
1425 3254 1509 3319 ab
1573 3272 1847 3344 utroque
1909 3265 2371 3342 pretermissa,

230 3380 577 3458 utriusque
623 3375 704 3437 de
750 3371 1110 3437 Silviorum
1158 3376 1550 3458 cognomine
1594 3367 1978 3451 admonitio,
2039 3376 2192 3438 Rene
2239 3373 2373 3437 sss-

231 3498 361 3557 viae
406 3513 689 3565 nomen;
751 3488 825 3568 1,
867 3492 949 3566 4,
1016 3510 1243 3574 preces
1288 3485 1723 3567 Sabinarum,
1790 3489 1947 3566 alin,
2006 3491 2087 3554 de
2133 3490 2370 3575 quibus

232 3610 388 3676 infr.
502 3608 578 3673 In
625 3605 882 3692 reliquo
925 3629 1125 3692 opere
1170 3607 1458 3692 Appiani
1508 3607 1692 3672 nulla
1736 3609 1913 3673 Livii
1961 3611 2120 3671 aditi
2172 3611 2370 3671 vesti-

235 3728 351 3813 gia
394 3726 749 3810 indagavi3
817 3747 962 3811 quoe
1009 3745 1171 3789 vero
1216 3745 1360 3788 cum
1408 3724 1609 3788 Livio
1653 3727 2016 3790 similitudo
2060 3728 2369 3809 Appiano

236 3842 550 3926 deinceps
612 3842 999 3920 intercedit,
1068 3843 1337 3904 omnino
1400 3840 1534 3903 alin
1591 3858 1729 3921 est,
1795 3843 1987 3922 cnjus
2042 3839 2369 3936 originem

234 3957 392 4021 inde
436 3969 737 4044 repetas,
801 3961 974 4045 quod
1024 3959 1132 4022 hic
1173 3956 1315 4021 illic
1377 3958 1638 4041 utrique
1700 3931 1912 4018 iidem*
1963 3955 2042 4016 ed
2108 3973 2370 4017 manum

236 4074 458 4140 fontes
500 4074 811 4151 fuerunt,
882 4079 954 4140 in
1008 4086 1317 4139 extrema
1372 4071 1651 4134 historin
1690 4071 1980 4150 Punica,
2046 4074 2112 4136 in
2172 4065 2374 4134 rebus
