<?xml version="1.0" encoding="UTF-8"?>
<!DOCTYPE html PUBLIC "-//W3C//DTD XHTML 1.0 Transitional//EN"
    "http://www.w3.org/TR/xhtml1/DTD/xhtml1-transitional.dtd">
<html xmlns="http://www.w3.org/1999/xhtml" xml:lang="en" lang="en">
 <head>
  <title>
</title>
<meta http-equiv="Content-Type" content="text/html;charset=utf-8" />
  <meta name='ocr-system' content='tesseract 3.04.00' />
  <meta name='ocr-capabilities' content='ocr_page ocr_carea ocr_par ocr_line ocrx_word'/>
</head>
<body>
  <div class='ocr_page' id='page_1' title='image "./deexcerptisetfr00espegoog_0018.png"; bbox 0 0 2832 4693; ppageno 0'>
   <div class='ocr_carea' id='block_1_1' title="bbox 620 321 719 392">
    <p class='ocr_par' dir='ltr' id='par_1_1' title="bbox 620 321 719 392">
     <span class='ocr_line' id='line_1_1' title="bbox 620 321 719 392; baseline 0 0"><span class='ocrx_word' id='word_1_1' title='bbox 620 321 719 392; x_wconf 80' lang='lat'><strong>12</strong></span> 
     </span>
    </p>
   </div>
   <div class='ocr_carea' id='block_1_2' title="bbox 511 480 2652 610">
    <p class='ocr_par' dir='ltr' id='par_1_2' title="bbox 511 480 2652 610">
     <span class='ocr_line' id='line_1_2' title="bbox 511 480 2652 610; baseline -0.001 -18"><span class='ocrx_word' id='word_1_2' title='bbox 511 528 813 593; x_wconf 74' lang='lat' dir='ltr'><strong>discessit</strong></span> <span class='ocrx_word' id='word_1_3' title='bbox 828 539 1023 609; x_wconf 84' lang='lat' dir='ltr'><strong>atque</strong></span> <span class='ocrx_word' id='word_1_4' title='bbox 1041 524 1317 587; x_wconf 88' lang='lat' dir='ltr'><strong>eundem</strong></span> <span class='ocrx_word' id='word_1_5' title='bbox 1343 546 1486 588; x_wconf 91' lang='lat' dir='ltr'><strong>cum</strong></span> <span class='ocrx_word' id='word_1_6' title='bbox 1503 480 1857 589; x_wconf 77' lang='lat' dir='ltr'><strong>Plutarcho</strong></span> <span class='ocrx_word' id='word_1_7' title='bbox 1878 523 2124 588; x_wconf 86' lang='lat' dir='ltr'><strong>fontem</strong></span> <span class='ocrx_word' id='word_1_8' title='bbox 2141 536 2253 588; x_wconf 85' lang='lat' dir='ltr'><strong>aut</strong></span> <span class='ocrx_word' id='word_1_9' title='bbox 2271 525 2486 610; x_wconf 89' lang='lat' dir='ltr'><strong>ipsum</strong></span> <span class='ocrx_word' id='word_1_10' title='bbox 2507 525 2652 589; x_wconf 86' lang='lat' dir='ltr'><strong>for·</strong></span> 
     </span>
    </p>
   </div>
   <div class='ocr_carea' id='block_1_3' title="bbox 511 638 2756 727">
    <p class='ocr_par' dir='ltr' id='par_1_3' title="bbox 511 638 2756 727">
     <span class='ocr_line' id='line_1_3' title="bbox 511 638 2756 727; baseline -0.001 -19"><span class='ocrx_word' id='word_1_11' title='bbox 511 657 689 708; x_wconf 85' lang='lat' dir='ltr'><strong>tasse</strong></span> <span class='ocrx_word' id='word_1_12' title='bbox 737 641 1157 706; x_wconf 78' lang='lat' dir='ltr'><strong>Plutarchum</strong></span> <span class='ocrx_word' id='word_1_13' title='bbox 1204 644 1390 718; x_wconf 87' lang='lat' dir='ltr'><strong>adiit,</strong></span> <span class='ocrx_word' id='word_1_14' title='bbox 1435 642 1515 705; x_wconf 86' lang='lat' dir='ltr'><strong>ad</strong></span> <span class='ocrx_word' id='word_1_15' title='bbox 1563 643 1733 727; x_wconf 86' lang='lat' dir='ltr'><strong>quod</strong></span> <span class='ocrx_word' id='word_1_16' title='bbox 1779 642 1868 708; x_wconf 86' lang='lat' dir='ltr'><strong>V.</strong></span> <span class='ocrx_word' id='word_1_17' title='bbox 1912 640 1985 705; x_wconf 88' lang='lat' dir='ltr'><strong>C.</strong></span> <span class='ocrx_word' id='word_1_18' title='bbox 2031 638 2317 705; x_wconf 85' lang='lat' dir='ltr'><strong>animum</strong></span> <span class='ocrx_word' id='word_1_19' title='bbox 2364 664 2496 705; x_wconf 88' lang='lat' dir='ltr'><strong>nou</strong></span> <span class='ocrx_word' id='word_1_20' title='bbox 2547 657 2649 706; x_wconf 87' lang='lat' dir='ltr'><strong>at·</strong></span> <span class='ocrx_word' id='word_1_21' title='bbox 2751 654 2756 659; x_wconf 80' lang='grc'>’</span> 
     </span>
    </p>
   </div>
   <div class='ocr_carea' id='block_1_4' title="bbox 500 758 2650 3881">
    <p class='ocr_par' dir='ltr' id='par_1_4' title="bbox 500 758 2650 3881">
     <span class='ocr_line' id='line_1_4' title="bbox 510 758 2650 844; baseline -0.002 -19"><span class='ocrx_word' id='word_1_22' title='bbox 510 763 741 825; x_wconf 85' lang='lat' dir='ltr'><strong>tendit.</strong></span> <span class='ocrx_word' id='word_1_23' title='bbox 838 760 964 823; x_wconf 87' lang='lat' dir='ltr'><strong>His</strong></span> <span class='ocrx_word' id='word_1_24' title='bbox 987 761 1442 844; x_wconf 69' lang='lat' dir='ltr'><strong>discrepantioe</strong></span> <span class='ocrx_word' id='word_1_25' title='bbox 1475 758 1807 842; x_wconf 85' lang='lat' dir='ltr'><strong>exemplis</strong></span> <span class='ocrx_word' id='word_1_26' title='bbox 1836 759 2081 838; x_wconf 85' lang='lat' dir='ltr'><strong>allatis,</strong></span> <span class='ocrx_word' id='word_1_27' title='bbox 2124 781 2322 822; x_wconf 87' lang='lat' dir='ltr'><strong>uuum</strong></span> <span class='ocrx_word' id='word_1_28' title='bbox 2355 759 2650 844; x_wconf 85' lang='lat' dir='ltr'><strong>denique</strong></span> 
     </span>
     <span class='ocr_line' id='line_1_5' title="bbox 511 872 2645 963; baseline -0.002 -21"><span class='ocrx_word' id='word_1_29' title='bbox 511 879 951 963; x_wconf 80' lang='lat' dir='ltr'><strong>fragmentum</strong></span> <span class='ocrx_word' id='word_1_30' title='bbox 1015 878 1246 940; x_wconf 80' lang='lat' dir='ltr'><strong>addam</strong></span> <span class='ocrx_word' id='word_1_31' title='bbox 1294 873 1527 939; x_wconf 81' lang='lat' dir='ltr'><strong>Gallio.</strong></span> <span class='ocrx_word' id='word_1_32' title='bbox 1572 877 1681 953; x_wconf 89' lang='lat' dir='ltr'><strong>X,</strong></span> <span class='ocrx_word' id='word_1_33' title='bbox 1749 875 1860 939; x_wconf 90' lang='lat' dir='ltr'><strong>uhi</strong></span> <span class='ocrx_word' id='word_1_34' title='bbox 1908 889 2238 941; x_wconf 86' lang='lat' dir='ltr'><strong>certamen</strong></span> <span class='ocrx_word' id='word_1_35' title='bbox 2300 872 2645 962; x_wconf 86' lang='lat' dir='ltr'><strong>singulare</strong></span> 
     </span>
     <span class='ocr_line' id='line_1_6' title="bbox 511 992 2647 1080; baseline -0.002 -21"><span class='ocrx_word' id='word_1_36' title='bbox 511 995 959 1059; x_wconf 81' lang='lat' dir='ltr'><strong>Valerii&#39;cum</strong></span> <span class='ocrx_word' id='word_1_37' title='bbox 1009 993 1206 1058; x_wconf 81' lang='lat' dir='ltr'><strong>Gallo</strong></span> <span class='ocrx_word' id='word_1_38' title='bbox 1263 992 1499 1078; x_wconf 82' lang='lat' dir='ltr'><strong>regulo</strong></span> <span class='ocrx_word' id='word_1_39' title='bbox 1546 995 1927 1078; x_wconf 84' lang='lat' dir='ltr'><strong>attingitur,</strong></span> <span class='ocrx_word' id='word_1_40' title='bbox 1981 994 2062 1056; x_wconf 84' lang='lat' dir='ltr'><strong>de</strong></span> <span class='ocrx_word' id='word_1_41' title='bbox 2108 1016 2236 1080; x_wconf 88' lang='lat' dir='ltr'><strong>quo</strong></span> <span class='ocrx_word' id='word_1_42' title='bbox 2281 995 2647 1056; x_wconf 85' lang='lat' dir='ltr'><strong>certamine</strong></span> 
     </span>
     <span class='ocr_line' id='line_1_7' title="bbox 511 1109 2646 1196; baseline -0.002 -22"><span class='ocrx_word' id='word_1_43' title='bbox 511 1120 708 1196; x_wconf 86' lang='lat' dir='ltr'><strong>quum</strong></span> <span class='ocrx_word' id='word_1_44' title='bbox 757 1112 991 1174; x_wconf 90' lang='lat' dir='ltr'><strong>Livius</strong></span> <span class='ocrx_word' id='word_1_45' title='bbox 1037 1110 1232 1191; x_wconf 86' lang='lat' dir='ltr'><strong>(Vll,</strong></span> <span class='ocrx_word' id='word_1_46' title='bbox 1286 1113 1442 1187; x_wconf 77' lang='lat'><strong>26),</strong></span> <span class='ocrx_word' id='word_1_47' title='bbox 1510 1109 1869 1194; x_wconf 79' lang='lat' dir='ltr'><strong>Dionysius</strong></span> <span class='ocrx_word' id='word_1_48' title='bbox 1930 1111 2134 1192; x_wconf 85' lang='lat' dir='ltr'><strong>(XV,</strong></span> <span class='ocrx_word' id='word_1_49' title='bbox 2204 1112 2338 1193; x_wconf 86' lang='lat'>1),.</span> <span class='ocrx_word' id='word_1_50' title='bbox 2379 1109 2646 1173; x_wconf 81' lang='lat' dir='ltr'><strong>Gellius</strong></span> 
     </span>
     <span class='ocr_line' id='line_1_8' title="bbox 514 1226 2648 1313; baseline -0.001 -22"><span class='ocrx_word' id='word_1_51' title='bbox 514 1227 625 1309; x_wconf 90' lang='lat' dir='ltr'><strong>(N.</strong></span> <span class='ocrx_word' id='word_1_52' title='bbox 675 1229 758 1291; x_wconf 82' lang='lat' dir='ltr'><strong>A.</strong></span> <span class='ocrx_word' id='word_1_53' title='bbox 804 1227 904 1290; x_wconf 83' lang='lat' dir='ltr'><strong>lx</strong></span> <span class='ocrx_word' id='word_1_54' title='bbox 933 1273 951 1301; x_wconf 87' lang='lat'>‚</span> <span class='ocrx_word' id='word_1_55' title='bbox 1020 1230 1167 1305; x_wconf 87' lang='lat'>11),</span> <span class='ocrx_word' id='word_1_56' title='bbox 1216 1230 1325 1310; x_wconf 89' lang='lat' dir='ltr'><strong>qui</strong></span> <span class='ocrx_word' id='word_1_57' title='bbox 1374 1227 1455 1289; x_wconf 88' lang='lat' dir='ltr'><strong>ad</strong></span> <span class='ocrx_word' id='word_1_58' title='bbox 1502 1226 1706 1290; x_wconf 87' lang='lat' dir='ltr'><strong>libros</strong></span> <span class='ocrx_word' id='word_1_59' title='bbox 1752 1227 2026 1291; x_wconf 87' lang='lat' dir='ltr'><strong>annales</strong></span> <span class='ocrx_word' id='word_1_60' title='bbox 2074 1241 2425 1313; x_wconf 83' lang='lat' dir='ltr'><strong>provocat,</strong></span> <span class='ocrx_word' id='word_1_61' title='bbox 2466 1230 2648 1289; x_wconf 86' lang='lat' dir='ltr'><strong>inter</strong></span> 
     </span>
     <span class='ocr_line' id='line_1_9' title="bbox 508 1342 2648 1428; baseline -0 -21"><span class='ocrx_word' id='word_1_62' title='bbox 508 1364 585 1407; x_wconf 91' lang='lat' dir='ltr'><strong>se</strong></span> <span class='ocrx_word' id='word_1_63' title='bbox 643 1345 1093 1418; x_wconf 89' lang='lat' dir='ltr'><strong>consentiant,</strong></span> <span class='ocrx_word' id='word_1_64' title='bbox 1178 1342 1398 1406; x_wconf 87' lang='lat' dir='ltr'><strong>brevis</strong></span> <span class='ocrx_word' id='word_1_65' title='bbox 1472 1344 1762 1428; x_wconf 85' lang='lat' dir='ltr'><strong>Appiani</strong></span> <span class='ocrx_word' id='word_1_66' title='bbox 1838 1344 2027 1407; x_wconf 91' lang='lat' dir='ltr'><strong>locus</strong></span> <span class='ocrx_word' id='word_1_67' title='bbox 2091 1346 2180 1408; x_wconf 57' lang='lat' dir='ltr'><strong>ad«</strong></span> <span class='ocrx_word' id='word_1_68' title='bbox 2250 1343 2452 1406; x_wconf 86' lang='lat' dir='ltr'><strong>verba</strong></span> <span class='ocrx_word' id='word_1_69' title='bbox 2511 1343 2648 1406; x_wconf 89' lang='lat' dir='ltr'><strong>sal-</strong></span> 
     </span>
     <span class='ocr_line' id='line_1_10' title="bbox 515 1446 2647 1544; baseline 0 -20"><span class='ocrx_word' id='word_1_70' title='bbox 515 1477 644 1525; x_wconf 86' lang='lat' dir='ltr'><strong>tem</strong></span> <span class='ocrx_word' id='word_1_71' title='bbox 716 1459 1012 1524; x_wconf 89' lang='lat' dir='ltr'><strong>nonnihil</strong></span> <span class='ocrx_word' id='word_1_72' title='bbox 1096 1461 1351 1524; x_wconf 88' lang='lat' dir='ltr'><strong>videtur</strong></span> <span class='ocrx_word' id='word_1_73' title='bbox 1434 1461 1830 1544; x_wconf 77' lang='lat' dir='ltr'><strong>discrepare.</strong></span> <span class='ocrx_word' id='word_1_74' title='bbox 1969 1446 2225 1524; x_wconf 85' lang='lat' dir='ltr'><strong>Deinde</strong></span> <span class='ocrx_word' id='word_1_75' title='bbox 2297 1460 2427 1523; x_wconf 88' lang='lat' dir='ltr'><strong>loci</strong></span> <span class='ocrx_word' id='word_1_76' title='bbox 2504 1463 2647 1544; x_wconf 87' lang='lat' dir='ltr'><strong>Ap-</strong></span> 
     </span>
     <span class='ocr_line' id='line_1_11' title="bbox 516 1576 2646 1665; baseline -0 -24"><span class='ocrx_word' id='word_1_77' title='bbox 516 1581 692 1665; x_wconf 89' lang='lat' dir='ltr'><strong>piani</strong></span> <span class='ocrx_word' id='word_1_78' title='bbox 742 1579 1204 1655; x_wconf 86' lang='lat' dir='ltr'><strong>inveniuntur,</strong></span> <span class='ocrx_word' id='word_1_79' title='bbox 1277 1576 1387 1641; x_wconf 88' lang='lat' dir='ltr'><strong>ubi</strong></span> <span class='ocrx_word' id='word_1_80' title='bbox 1434 1577 1634 1640; x_wconf 78' lang='lat' dir='ltr'><strong>uallis</strong></span> <span class='ocrx_word' id='word_1_81' title='bbox 1679 1576 2057 1641; x_wconf 87' lang='lat' dir='ltr'><strong>auctoribus</strong></span> <span class='ocrx_word' id='word_1_82' title='bbox 2105 1581 2364 1642; x_wconf 88' lang='lat' dir='ltr'><strong>nomine</strong></span> <span class='ocrx_word' id='word_1_83' title='bbox 2421 1579 2646 1640; x_wconf 87' lang='lat' dir='ltr'><strong>citatis</strong></span> 
     </span>
     <span class='ocr_line' id='line_1_12' title="bbox 513 1693 2644 1779; baseline -0.001 -21"><span class='ocrx_word' id='word_1_84' title='bbox 513 1697 1014 1778; x_wconf 83' lang='lat' dir='ltr'><strong>discrepantiam</strong></span> <span class='ocrx_word' id='word_1_85' title='bbox 1054 1697 1441 1779; x_wconf 86' lang='lat' dir='ltr'><strong>scriptorum</strong></span> <span class='ocrx_word' id='word_1_86' title='bbox 1489 1698 1631 1778; x_wconf 85' lang='lat' dir='ltr'><strong>ipse</strong></span> <span class='ocrx_word' id='word_1_87' title='bbox 1669 1696 2003 1759; x_wconf 84' lang='lat' dir='ltr'><strong>indicavit.</strong></span> <span class='ocrx_word' id='word_1_88' title='bbox 2100 1695 2162 1758; x_wconf 92' lang='lat' dir='ltr'>D</span> <span class='ocrx_word' id='word_1_89' title='bbox 2209 1696 2373 1779; x_wconf 85' lang='lat' dir='ltr'><strong>Reg.</strong></span> <span class='ocrx_word' id='word_1_90' title='bbox 2417 1693 2450 1756; x_wconf 87' lang='lat' dir='ltr'>I</span> <span class='ocrx_word' id='word_1_91' title='bbox 2495 1695 2644 1767; x_wconf 60' lang='lat' dir='ltr'><strong>dua}</strong></span> 
     </span>
     <span class='ocr_line' id='line_1_13' title="bbox 511 1812 2642 1896; baseline -0.001 -19"><span class='ocrx_word' id='word_1_92' title='bbox 511 1814 899 1877; x_wconf 74' lang='lat' dir='ltr'><strong>traditiones</strong></span> <span class='ocrx_word' id='word_1_93' title='bbox 943 1812 1023 1873; x_wconf 84' lang='lat' dir='ltr'><strong>de</strong></span> <span class='ocrx_word' id='word_1_94' title='bbox 1070 1812 1359 1874; x_wconf 81' lang='lat' dir='ltr'><strong>Ascanio</strong></span> <span class='ocrx_word' id='word_1_95' title='bbox 1403 1825 1595 1888; x_wconf 87' lang='lat' dir='ltr'><strong>sunt,</strong></span> <span class='ocrx_word' id='word_1_96' title='bbox 1656 1833 1927 1896; x_wconf 87' lang='lat' dir='ltr'><strong>quarum</strong></span> <span class='ocrx_word' id='word_1_97' title='bbox 1994 1818 2121 1876; x_wconf 90' lang='lat' dir='ltr'><strong>non</strong></span> <span class='ocrx_word' id='word_1_98' title='bbox 2186 1815 2311 1876; x_wconf 87' lang='lat' dir='ltr'><strong>nisi</strong></span> <span class='ocrx_word' id='word_1_99' title='bbox 2355 1812 2642 1895; x_wconf 79' lang='lat' dir='ltr'><strong>priorem</strong></span> 
     </span>
     <span class='ocr_line' id='line_1_14' title="bbox 516 1902 2647 2017; baseline -0.002 -23"><span class='ocrx_word' id='word_1_100' title='bbox 516 1954 660 1996; x_wconf 90' lang='lat' dir='ltr'><strong>cum</strong></span> <span class='ocrx_word' id='word_1_101' title='bbox 709 1930 1027 2013; x_wconf 83' lang='lat' dir='ltr'><strong>Dionysio</strong></span> <span class='ocrx_word' id='word_1_102' title='bbox 1086 1902 1492 1992; x_wconf 85' lang='lat' dir='ltr'><strong>communem</strong></span> <span class='ocrx_word' id='word_1_103' title='bbox 1557 1928 1754 1991; x_wconf 87' lang='lat' dir='ltr'><strong>hahet</strong></span> <span class='ocrx_word' id='word_1_104' title='bbox 1774 1933 1860 2003; x_wconf 81' lang='lat'><strong>⁸).</strong></span> <span class='ocrx_word' id='word_1_105' title='bbox 1958 1930 2237 2017; x_wconf 69' lang='lat' dir='ltr'><strong>Samnit3</strong></span> <span class='ocrx_word' id='word_1_106' title='bbox 2283 1929 2379 1999; x_wconf 84' lang='lat' dir='ltr'><strong>X,</strong></span> <span class='ocrx_word' id='word_1_107' title='bbox 2423 1931 2467 1990; x_wconf 78' lang='lat'><strong>3</strong></span> <span class='ocrx_word' id='word_1_108' title='bbox 2510 1928 2647 1990; x_wconf 86' lang='lat' dir='ltr'><strong>dis-</strong></span> 
     </span>
     <span class='ocr_line' id='line_1_15' title="bbox 517 2032 2644 2130; baseline -0.002 -19"><span class='ocrx_word' id='word_1_109' title='bbox 517 2051 767 2130; x_wconf 84' lang='lat' dir='ltr'><strong>crepari</strong></span> <span class='ocrx_word' id='word_1_110' title='bbox 833 2049 1107 2122; x_wconf 87' lang='lat' dir='ltr'><strong>dicitur,</strong></span> <span class='ocrx_word' id='word_1_111' title='bbox 1181 2060 1393 2109; x_wconf 87' lang='lat' dir='ltr'><strong>utrum</strong></span> <span class='ocrx_word' id='word_1_112' title='bbox 1444 2044 1685 2109; x_wconf 81' lang='lat' dir='ltr'><strong>Cineas</strong></span> <span class='ocrx_word' id='word_1_113' title='bbox 1719 2032 1722 2035; x_wconf 18' lang='lat'>¹</span> <span class='ocrx_word' id='word_1_114' title='bbox 1757 2069 1840 2110; x_wconf 89' lang='lat' dir='ltr'><strong>au</strong></span> <span class='ocrx_word' id='word_1_115' title='bbox 1906 2046 2195 2129; x_wconf 82' lang='lat' dir='ltr'><strong>Pyrrhus</strong></span> <span class='ocrx_word' id='word_1_116' title='bbox 2231 2044 2644 2129; x_wconf 39' lang='lat' dir='ltr'><strong>*quibusdam</strong></span> 
     </span>
     <span class='ocr_line' id='line_1_16' title="bbox 515 2160 2641 2250; baseline -0 -24"><span class='ocrx_word' id='word_1_117' title='bbox 515 2162 735 2226; x_wconf 86' lang='lat' dir='ltr'><strong>verbis</strong></span> <span class='ocrx_word' id='word_1_118' title='bbox 778 2182 934 2222; x_wconf 87' lang='lat' dir='ltr'><strong>usus</strong></span> <span class='ocrx_word' id='word_1_119' title='bbox 977 2164 1086 2221; x_wconf 86' lang='lat' dir='ltr'><strong>sit.</strong></span> <span class='ocrx_word' id='word_1_120' title='bbox 1183 2160 1589 2250; x_wconf 42' lang='lat' dir='ltr'><strong>Plutarchus·</strong></span> <span class='ocrx_word' id='word_1_121' title='bbox 1619 2161 1737 2222; x_wconf 87' lang='lat' dir='ltr'><strong>illa</strong></span> <span class='ocrx_word' id='word_1_122' title='bbox 1769 2160 1973 2223; x_wconf 86' lang='lat' dir='ltr'><strong>verba</strong></span> <span class='ocrx_word' id='word_1_123' title='bbox 2016 2165 2093 2224; x_wconf 86' lang='lat' dir='ltr'><strong>ad</strong></span> <span class='ocrx_word' id='word_1_124' title='bbox 2120 2162 2390 2225; x_wconf 87' lang='lat' dir='ltr'><strong>Cineam</strong></span> <span class='ocrx_word' id='word_1_125' title='bbox 2431 2163 2641 2225; x_wconf 90' lang='lat' dir='ltr'><strong>solum</strong></span> 
     </span>
     <span class='ocr_line' id='line_1_17' title="bbox 515 2274 2638 2360; baseline 0.001 -17"><span class='ocrx_word' id='word_1_126' title='bbox 515 2279 741 2343; x_wconf 84' lang='lat' dir='ltr'><strong>retulit</strong></span> <span class='ocrx_word' id='word_1_127' title='bbox 773 2275 1027 2360; x_wconf 79' lang='lat' dir='ltr'><strong>(Pyrrh.</strong></span> <span class='ocrx_word' id='word_1_128' title='bbox 1072 2275 1216 2355; x_wconf 74' lang='lat'>19);</span> <span class='ocrx_word' id='word_1_129' title='bbox 1261 2274 1567 2357; x_wconf 80' lang='lat' dir='ltr'><strong>Dionysii</strong></span> <span class='ocrx_word' id='word_1_130' title='bbox 1615 2278 1949 2358; x_wconf 83' lang='lat' dir='ltr'><strong>excerptis</strong></span> <span class='ocrx_word' id='word_1_131' title='bbox 1995 2275 2060 2338; x_wconf 87' lang='lat' dir='ltr'><strong>h.</strong></span> <span class='ocrx_word' id='word_1_132' title='bbox 2110 2276 2156 2338; x_wconf 88' lang='lat' dir='ltr'><strong>l.</strong></span> <span class='ocrx_word' id='word_1_133' title='bbox 2205 2279 2638 2345; x_wconf 84' lang='lat' dir='ltr'><strong>destituimur.</strong></span> 
     </span>
     <span class='ocr_line' id='line_1_18' title="bbox 510 2390 2636 2482; baseline 0 -22"><span class='ocrx_word' id='word_1_134' title='bbox 510 2397 854 2460; x_wconf 82' lang='lat' dir='ltr'><strong>Samnitic.</strong></span> <span class='ocrx_word' id='word_1_135' title='bbox 900 2394 1010 2468; x_wconf 89' lang='lat' dir='ltr'><strong>X,</strong></span> <span class='ocrx_word' id='word_1_136' title='bbox 1079 2395 1122 2453; x_wconf 86' lang='lat'>4</span> <span class='ocrx_word' id='word_1_137' title='bbox 1182 2393 1262 2454; x_wconf 91' lang='lat' dir='ltr'><strong>de</strong></span> <span class='ocrx_word' id='word_1_138' title='bbox 1309 2394 1641 2474; x_wconf 86' lang='lat' dir='ltr'><strong>responsis</strong></span> <span class='ocrx_word' id='word_1_139' title='bbox 1688 2390 1971 2454; x_wconf 83' lang='lat' dir='ltr'><strong>Fabricii</strong></span> <span class='ocrx_word' id='word_1_140' title='bbox 2039 2395 2298 2473; x_wconf 69' lang='lat' dir='ltr'><strong>agitur,</strong></span> <span class='ocrx_word' id='word_1_141' title='bbox 2367 2421 2636 2482; x_wconf 90' lang='lat' dir='ltr'><strong>quorum</strong></span> 
     </span>
     <span class='ocr_line' id='line_1_19' title="bbox 515 2507 2641 2599; baseline -0.005 -22"><span class='ocrx_word' id='word_1_142' title='bbox 515 2512 792 2577; x_wconf 81' lang='lat' dir='ltr'><strong>alterum</strong></span> <span class='ocrx_word' id='word_1_143' title='bbox 844 2512 1022 2594; x_wconf 89' lang='lat' dir='ltr'><strong>prius</strong></span> <span class='ocrx_word' id='word_1_144' title='bbox 1064 2508 1335 2573; x_wconf 85' lang='lat' dir='ltr'><strong>allatum</strong></span> <span class='ocrx_word' id='word_1_145' title='bbox 1384 2509 1465 2571; x_wconf 85' lang='lat' dir='ltr'><strong>ad</strong></span> <span class='ocrx_word' id='word_1_146' title='bbox 1512 2511 1903 2572; x_wconf 85' lang='lat' dir='ltr'><strong>sententiam</strong></span> <span class='ocrx_word' id='word_1_147' title='bbox 1950 2507 2181 2573; x_wconf 89' lang='lat' dir='ltr'><strong>saltem</strong></span> <span class='ocrx_word' id='word_1_148' title='bbox 2222 2535 2365 2575; x_wconf 89' lang='lat' dir='ltr'><strong>cum</strong></span> <span class='ocrx_word' id='word_1_149' title='bbox 2397 2516 2641 2599; x_wconf 86' lang='lat' dir='ltr'><strong>Diony.</strong></span> 
     </span>
     <span class='ocr_line' id='line_1_20' title="bbox 516 2625 2644 2712; baseline 0 -16"><span class='ocrx_word' id='word_1_150' title='bbox 516 2636 616 2696; x_wconf 90' lang='lat' dir='ltr'><strong>sio</strong></span> <span class='ocrx_word' id='word_1_151' title='bbox 661 2629 971 2710; x_wconf 85' lang='lat' dir='ltr'>(XVIII,</span> <span class='ocrx_word' id='word_1_152' title='bbox 1046 2630 1357 2712; x_wconf 72' lang='lat'>11—17),</span> <span class='ocrx_word' id='word_1_153' title='bbox 1421 2625 1700 2691; x_wconf 87' lang='lat' dir='ltr'><strong>alterum</strong></span> <span class='ocrx_word' id='word_1_154' title='bbox 1772 2650 1857 2691; x_wconf 84' lang='lat' dir='ltr'><strong>ex</strong></span> <span class='ocrx_word' id='word_1_155' title='bbox 1907 2628 2041 2691; x_wconf 88' lang='lat' dir='ltr'><strong>alio</strong></span> <span class='ocrx_word' id='word_1_156' title='bbox 2110 2629 2290 2691; x_wconf 81' lang='lat' dir='ltr'><strong>fonte</strong></span> <span class='ocrx_word' id='word_1_157' title='bbox 2338 2630 2644 2696; x_wconf 84' lang='lat' dir='ltr'><strong>haustum</strong></span> 
     </span>
     <span class='ocr_line' id='line_1_21' title="bbox 500 2743 2644 2830; baseline -0.001 -20"><span class='ocrx_word' id='word_1_158' title='bbox 500 2769 660 2824; x_wconf 17' lang='lat' dir='ltr'><strong>‘cum</strong></span> <span class='ocrx_word' id='word_1_159' title='bbox 711 2746 1059 2807; x_wconf 77' lang='lat' dir='ltr'><strong>Plutarcho</strong></span> <span class='ocrx_word' id='word_1_160' title='bbox 1121 2748 1426 2827; x_wconf 88' lang='lat' dir='ltr'><strong>congruit</strong></span> <span class='ocrx_word' id='word_1_161' title='bbox 1476 2746 1736 2827; x_wconf 78' lang='lat' dir='ltr'><strong>(Pyrrh.</strong></span> <span class='ocrx_word' id='word_1_162' title='bbox 1781 2745 1913 2824; x_wconf 79' lang='lat'><strong>2⁰).</strong></span> <span class='ocrx_word' id='word_1_163' title='bbox 2021 2743 2094 2807; x_wconf 90' lang='lat' dir='ltr'><strong>In</strong></span> <span class='ocrx_word' id='word_1_164' title='bbox 2158 2745 2474 2830; x_wconf 86' lang='lat' dir='ltr'><strong>ejusmodi</strong></span> <span class='ocrx_word' id='word_1_165' title='bbox 2535 2768 2644 2808; x_wconf 89' lang='lat' dir='ltr'><strong>re·</strong></span> 
     </span>
     <span class='ocr_line' id='line_1_22' title="bbox 515 2857 2644 2947; baseline 0 -21"><span class='ocrx_word' id='word_1_166' title='bbox 515 2862 640 2927; x_wconf 87' lang='lat' dir='ltr'><strong>hus</strong></span> <span class='ocrx_word' id='word_1_167' title='bbox 706 2861 1051 2945; x_wconf 85' lang='lat' dir='ltr'><strong>Appiauus</strong></span> <span class='ocrx_word' id='word_1_168' title='bbox 1118 2857 1585 2945; x_wconf 84' lang='lat' dir='ltr'><strong>loquacissimo</strong></span> <span class='ocrx_word' id='word_1_169' title='bbox 1654 2861 1982 2926; x_wconf 86' lang='lat' dir='ltr'><strong>scribendi</strong></span> <span class='ocrx_word' id='word_1_170' title='bbox 2044 2884 2287 2947; x_wconf 80' lang='lat' dir='ltr'><strong>genere</strong></span> <span class='ocrx_word' id='word_1_171' title='bbox 2361 2863 2644 2927; x_wconf 85' lang='lat' dir='ltr'><strong>fortasse</strong></span> 
     </span>
     <span class='ocr_line' id='line_1_23' title="bbox 517 2967 2641 3068; baseline 0 -24"><span class='ocrx_word' id='word_1_172' title='bbox 517 2982 858 3068; x_wconf 82' lang='lat' dir='ltr'><strong>fatigatus,</strong></span> <span class='ocrx_word' id='word_1_173' title='bbox 900 2967 1026 3062; x_wconf 82' lang='lat' dir='ltr'><strong>quo</strong></span> <span class='ocrx_word' id='word_1_174' title='bbox 1048 2975 1404 3058; x_wconf 86' lang='lat' dir='ltr'><strong>Dionysius</strong></span> <span class='ocrx_word' id='word_1_175' title='bbox 1429 2979 1506 3040; x_wconf 90' lang='lat' dir='ltr'><strong>ad</strong></span> <span class='ocrx_word' id='word_1_176' title='bbox 1531 2995 1900 3043; x_wconf 84' lang='lat' dir='ltr'><strong>extremum</strong></span> <span class='ocrx_word' id='word_1_177' title='bbox 1927 2983 2030 3042; x_wconf 87' lang='lat' dir='ltr'><strong>sui</strong></span> <span class='ocrx_word' id='word_1_178' title='bbox 2051 2976 2285 3041; x_wconf 87' lang='lat' dir='ltr'><strong>similis</strong></span> <span class='ocrx_word' id='word_1_179' title='bbox 2313 2999 2469 3039; x_wconf 91' lang='lat' dir='ltr'><strong>usus</strong></span> <span class='ocrx_word' id='word_1_180' title='bbox 2501 3003 2641 3064; x_wconf 89' lang='lat' dir='ltr'><strong>per-</strong></span> 
     </span>
     <span class='ocr_line' id='line_1_24' title="bbox 516 3094 2630 3182; baseline 0 -24"><span class='ocrx_word' id='word_1_181' title='bbox 516 3112 716 3182; x_wconf 83' lang='lat' dir='ltr'><strong>petuo</strong></span> <span class='ocrx_word' id='word_1_182' title='bbox 743 3109 868 3166; x_wconf 82' lang='lat' dir='ltr'><strong>est,</strong></span> <span class='ocrx_word' id='word_1_183' title='bbox 909 3094 1111 3157; x_wconf 88' lang='lat' dir='ltr'><strong>alium</strong></span> <span class='ocrx_word' id='word_1_184' title='bbox 1151 3116 1612 3181; x_wconf 85' lang='lat' dir='ltr'><strong>nonnunquam</strong></span> <span class='ocrx_word' id='word_1_185' title='bbox 1649 3111 1980 3160; x_wconf 87' lang='lat' dir='ltr'><strong>auctorem</strong></span> <span class='ocrx_word' id='word_1_186' title='bbox 2017 3098 2274 3158; x_wconf 83' lang='lat' dir='ltr'><strong>videtur</strong></span> <span class='ocrx_word' id='word_1_187' title='bbox 2299 3095 2537 3158; x_wconf 89' lang='lat' dir='ltr'><strong>adisse.</strong></span> <span class='ocrx_word' id='word_1_188' title='bbox 2565 3134 2630 3144; x_wconf 92' lang='lat'><strong>—-</strong></span> 
     </span>
     <span class='ocr_line' id='line_1_25' title="bbox 519 3208 2638 3293; baseline 0 -18"><span class='ocrx_word' id='word_1_189' title='bbox 519 3213 736 3275; x_wconf 86' lang='lat' dir='ltr'><strong>Locus</strong></span> <span class='ocrx_word' id='word_1_190' title='bbox 798 3211 1079 3293; x_wconf 89' lang='lat' dir='ltr'><strong>denique</strong></span> <span class='ocrx_word' id='word_1_191' title='bbox 1145 3217 1463 3289; x_wconf 88' lang='lat' dir='ltr'><strong>occurrit,</strong></span> <span class='ocrx_word' id='word_1_192' title='bbox 1548 3213 1662 3274; x_wconf 88' lang='lat' dir='ltr'><strong>ubi</strong></span> <span class='ocrx_word' id='word_1_193' title='bbox 1726 3217 1793 3273; x_wconf 87' lang='lat' dir='ltr'><strong>in</strong></span> <span class='ocrx_word' id='word_1_194' title='bbox 1856 3233 1925 3271; x_wconf 89' lang='lat' dir='ltr'><strong>re</strong></span> <span class='ocrx_word' id='word_1_195' title='bbox 1988 3208 2263 3291; x_wconf 86' lang='lat' dir='ltr'><strong>quadam</strong></span> <span class='ocrx_word' id='word_1_196' title='bbox 2334 3213 2638 3276; x_wconf 86' lang='lat' dir='ltr'><strong>audacter</strong></span> 
     </span>
     <span class='ocr_line' id='line_1_26' title="bbox 518 3327 2639 3419; baseline -0 -27"><span class='ocrx_word' id='word_1_197' title='bbox 518 3345 705 3419; x_wconf 85' lang='lat' dir='ltr'><strong>gesta</strong></span> <span class='ocrx_word' id='word_1_198' title='bbox 771 3328 1154 3408; x_wconf 87' lang='lat' dir='ltr'><strong>scriptorem</strong></span> <span class='ocrx_word' id='word_1_199' title='bbox 1218 3327 1584 3389; x_wconf 85' lang='lat' dir='ltr'><strong>Romanum</strong></span> <span class='ocrx_word' id='word_1_200' title='bbox 1660 3341 1891 3388; x_wconf 86' lang='lat' dir='ltr'><strong>testem</strong></span> <span class='ocrx_word' id='word_1_201' title='bbox 1971 3327 2232 3387; x_wconf 88' lang='lat' dir='ltr'><strong>nomine</strong></span> <span class='ocrx_word' id='word_1_202' title='bbox 2294 3327 2639 3391; x_wconf 86' lang='lat' dir='ltr'><strong>advocavit</strong></span> 
     </span>
     <span class='ocr_line' id='line_1_27' title="bbox 519 3443 2636 3532; baseline -0.003 -19"><span class='ocrx_word' id='word_1_203' title='bbox 519 3447 725 3532; x_wconf 82' lang='lat' dir='ltr'><strong>(Gall.</strong></span> <span class='ocrx_word' id='word_1_204' title='bbox 771 3443 935 3524; x_wconf 84' lang='lat' dir='ltr'>V1);</span> <span class='ocrx_word' id='word_1_205' title='bbox 1006 3445 1152 3526; x_wconf 89' lang='lat' dir='ltr'><strong>quis</strong></span> <span class='ocrx_word' id='word_1_206' title='bbox 1212 3457 1429 3506; x_wconf 87' lang='lat' dir='ltr'><strong>autem</strong></span> <span class='ocrx_word' id='word_1_207' title='bbox 1478 3443 1712 3519; x_wconf 82' lang='lat' dir='ltr'><strong>fuerit,</strong></span> <span class='ocrx_word' id='word_1_208' title='bbox 1783 3464 1978 3525; x_wconf 88' lang='lat' dir='ltr'><strong>quum</strong></span> <span class='ocrx_word' id='word_1_209' title='bbox 2040 3463 2275 3505; x_wconf 89' lang='lat' dir='ltr'><strong>nomen</strong></span> <span class='ocrx_word' id='word_1_210' title='bbox 2339 3461 2636 3529; x_wconf 87' lang='lat' dir='ltr'><strong>corrupte</strong></span> 
     </span>
     <span class='ocr_line' id='line_1_28' title="bbox 518 3559 2637 3648; baseline -0.003 -20"><span class='ocrx_word' id='word_1_211' title='bbox 518 3567 831 3648; x_wconf 87' lang='lat' dir='ltr'><strong>scriptum</strong></span> <span class='ocrx_word' id='word_1_212' title='bbox 878 3560 987 3636; x_wconf 90' lang='lat' dir='ltr'><strong>sit,</strong></span> <span class='ocrx_word' id='word_1_213' title='bbox 1034 3561 1147 3620; x_wconf 84' lang='lat' dir='ltr'><strong>vix</strong></span> <span class='ocrx_word' id='word_1_214' title='bbox 1197 3561 1542 3641; x_wconf 81' lang='lat' dir='ltr'><strong>dijudicari</strong></span> <span class='ocrx_word' id='word_1_215' title='bbox 1589 3571 1839 3641; x_wconf 83' lang='lat' dir='ltr'><strong>potest3</strong></span> <span class='ocrx_word' id='word_1_216' title='bbox 1884 3559 1966 3621; x_wconf 88' lang='lat' dir='ltr'><strong>de</strong></span> <span class='ocrx_word' id='word_1_217' title='bbox 2012 3580 2138 3643; x_wconf 87' lang='lat' dir='ltr'><strong>quo</strong></span> <span class='ocrx_word' id='word_1_218' title='bbox 2186 3559 2355 3621; x_wconf 80' lang='lat' dir='ltr'><strong>infra</strong></span> <span class='ocrx_word' id='word_1_219' title='bbox 2405 3562 2637 3623; x_wconf 84' lang='lat' dir='ltr'><strong>videri-</strong></span> 
     </span>
     <span class='ocr_line' id='line_1_29' title="bbox 521 3675 2634 3761; baseline -0.002 -16"><span class='ocrx_word' id='word_1_220' title='bbox 521 3702 688 3745; x_wconf 86' lang='lat' dir='ltr'><strong>mus.</strong></span> <span class='ocrx_word' id='word_1_221' title='bbox 803 3677 954 3740; x_wconf 90' lang='lat' dir='ltr'><strong>Huc</strong></span> <span class='ocrx_word' id='word_1_222' title='bbox 997 3677 1285 3753; x_wconf 82' lang='lat' dir='ltr'><strong>accedit,</strong></span> <span class='ocrx_word' id='word_1_223' title='bbox 1326 3676 1527 3760; x_wconf 32' lang='lat' dir='ltr'><strong>,quod</strong></span> <span class='ocrx_word' id='word_1_224' title='bbox 1596 3679 1663 3738; x_wconf 86' lang='lat' dir='ltr'><strong>in</strong></span> <span class='ocrx_word' id='word_1_225' title='bbox 1743 3675 2001 3761; x_wconf 86' lang='lat' dir='ltr'><strong>reliquo</strong></span> <span class='ocrx_word' id='word_1_226' title='bbox 2063 3675 2372 3759; x_wconf 87' lang='lat' dir='ltr'><strong>deinceps</strong></span> <span class='ocrx_word' id='word_1_227' title='bbox 2442 3698 2634 3760; x_wconf 88' lang='lat' dir='ltr'><strong>opere</strong></span> 
     </span>
     <span class='ocr_line' id='line_1_30' title="bbox 522 3790 2633 3881; baseline -0.002 -20"><span class='ocrx_word' id='word_1_228' title='bbox 522 3795 875 3881; x_wconf 82' lang='lat' dir='ltr'><strong>scriptores</strong></span> <span class='ocrx_word' id='word_1_229' title='bbox 923 3790 1274 3855; x_wconf 89' lang='lat' dir='ltr'><strong>nonnullos</strong></span> <span class='ocrx_word' id='word_1_230' title='bbox 1323 3794 1586 3858; x_wconf 89' lang='lat' dir='ltr'><strong>nomine</strong></span> <span class='ocrx_word' id='word_1_231' title='bbox 1612 3792 1931 3868; x_wconf 86' lang='lat' dir='ltr'><strong>laudavit,</strong></span> <span class='ocrx_word' id='word_1_232' title='bbox 1975 3812 2139 3875; x_wconf 85' lang='lat' dir='ltr'><strong>quos</strong></span> <span class='ocrx_word' id='word_1_233' title='bbox 2164 3804 2376 3855; x_wconf 87' lang='lat' dir='ltr'><strong>utrum</strong></span> <span class='ocrx_word' id='word_1_234' title='bbox 2424 3794 2491 3856; x_wconf 90' lang='lat' dir='ltr'><strong>iu</strong></span> <span class='ocrx_word' id='word_1_235' title='bbox 2537 3793 2633 3856; x_wconf 90' lang='lat' dir='ltr'><strong>his</strong></span> 
     </span>
    </p>
   </div>
   <div class='ocr_carea' id='block_1_5' title="bbox 513 3978 979 3991">
    <p class='ocr_par' dir='ltr' id='par_1_5' title="bbox 513 3978 979 3991">
     <span class='ocr_line' id='line_1_31' title="bbox 513 3978 979 3991; baseline 0 702"><span class='ocrx_word' id='word_1_236' title='bbox 513 3978 979 3991; x_wconf 95' lang='lat' dir='ltr'><strong> </strong></span> 
     </span>
    </p>
   </div>
   <div class='ocr_carea' id='block_1_6' title="bbox 589 4053 2628 4208">
    <p class='ocr_par' dir='ltr' id='par_1_6' title="bbox 589 4053 2628 4208">
     <span class='ocr_line' id='line_1_32' title="bbox 589 4053 2628 4129; baseline 0.001 -19"><span class='ocrx_word' id='word_1_237' title='bbox 589 4061 643 4117; x_wconf 77' lang='lat'><strong>⁸)</strong></span> <span class='ocrx_word' id='word_1_238' title='bbox 679 4057 989 4129; x_wconf 82' lang='lat' dir='ltr'><strong>Duplicem</strong></span> <span class='ocrx_word' id='word_1_239' title='bbox 1026 4059 1355 4114; x_wconf 83' lang='lat' dir='ltr'><strong>memoriam</strong></span> <span class='ocrx_word' id='word_1_240' title='bbox 1394 4059 1466 4113; x_wconf 82' lang='lat' dir='ltr'><strong>dc</strong></span> <span class='ocrx_word' id='word_1_241' title='bbox 1497 4064 1681 4114; x_wconf 86' lang='lat' dir='ltr'><strong>morte</strong></span> <span class='ocrx_word' id='word_1_242' title='bbox 1717 4055 1950 4112; x_wconf 82' lang='lat' dir='ltr'><strong>Romuli</strong></span> <span class='ocrx_word' id='word_1_243' title='bbox 2005 4073 2124 4109; x_wconf 86' lang='lat' dir='ltr'><strong>non</strong></span> <span class='ocrx_word' id='word_1_244' title='bbox 2160 4053 2275 4109; x_wconf 87' lang='lat' dir='ltr'><strong>huc</strong></span> <span class='ocrx_word' id='word_1_245' title='bbox 2314 4058 2628 4126; x_wconf 78' lang='lat' dir='ltr'><strong>traducam3</strong></span> 
     </span>
     <span class='ocr_line' id='line_1_33' title="bbox 682 4165 1190 4208; baseline 0.012 -8"><span class='ocrx_word' id='word_1_246' title='bbox 682 4165 817 4203; x_wconf 83' lang='lat' dir='ltr'><strong>nam</strong></span> <span class='ocrx_word' id='word_1_247' title='bbox 853 4166 939 4203; x_wconf 88' lang='lat' dir='ltr'><strong>s1c</strong></span> <span class='ocrx_word' id='word_1_248' title='bbox 975 4167 1190 4208; x_wconf 76' lang='lat' dir='ltr'><strong>omnes.</strong></span> 
     </span>
    </p>
   </div>
  </div>
 </body>
</html>
