2832 4693
552 309 604 382 8

364 544 367 547 ·
443 538 700 584 errores
745 530 941 602 atque
982 529 1253 599 peccata
1297 513 1662 591 fluxerunt,
1729 511 1968 597 quibus
2013 512 2209 578 homo
2271 510 2574 599 alioquin

442 638 662 701 dextri
688 654 933 719 expers
956 635 1207 719 ingenii
1228 633 1597 717 judiciique
1625 633 1983 695 maximam
2010 642 2260 716 partem
2282 630 2576 695 historice

440 774 659 817 rerum
684 753 1130 817 Romanarum
1174 751 1652 834 inquinavit0).
1737 747 1984 812 samin
2029 750 2192 833 ipsis
2237 748 2341 811 his
2386 746 2579 827 locis,

613 1017 713 1074 vil.
753 1018 831 1082 ΙΙ,
864 1027 1036 1089 2—s;
1074 1020 1314 1075 Sallust.
1355 1018 1596 1073 Catilin.
1641 1027 1708 1074 15
1733 1047 1797 1060 -
1823 1018 1896 1072 ad
1920 1019 2088 1087 fin.);
2127 1034 2236 1071 nec
2262 1010 2456 1072 tamen
2481 1017 2578 1071 ci-

616 1127 883 1165 ceronem
918 1119 1096 1177 (orat.
1134 1110 1163 1165 Ι
1210 1112 1273 1165 in
1312 1109 1577 1178 Catilin.)
1614 1127 1802 1182 neque
1833 1109 2211 1169 Plutarchum
2249 1109 2379 1177 (vit.
2425 1108 2578 1176 Cic.)

611 1202 676 1255 in
712 1220 827 1255 una
861 1206 1057 1277 aliqua
1092 1222 1157 1258 re
1193 1204 1264 1258 ab
1303 1218 1371 1255 eo
1408 1202 1737 1272 negaverim
1775 1220 1901 1258 esse
1938 1202 2257 1258 consultos.
2334 1201 2576 1255 Etiamsi

611 1309 750 1346 vero
789 1290 1120 1345 confusioni
1180 1298 1353 1364 atque
1389 1294 1789 1364 negligentiae,
1842 1312 1967 1367 quae
2005 1296 2067 1348 in
2106 1293 2232 1364 ejus
2270 1300 2578 1347 consuetu-

614 1384 751 1438 dine
788 1391 943 1447 sunt‚
982 1402 1161 1438 unum
1198 1392 1257 1437 et
1278 1386 1524 1439 alterum
1546 1387 1921 1440 tribuendum
1949 1404 2076 1441 esse
2107 1384 2358 1447 videtur,
2392 1384 2577 1437 multo

613 1482 807 1531 tamen
842 1476 1010 1549 plura
1046 1477 1110 1530 in
1144 1476 1239 1531 his
1270 1478 1451 1532 rebus
1487 1487 1727 1551 peccata
1762 1479 1950 1535 Latini
1990 1477 2271 1531 sermonis
2311 1476 2577 1546 ignoran-

618 1567 715 1623 tioe.
766 1568 1049 1637 originem
1087 1568 1332 1627 debent.
1415 1571 1551 1624 «lam
1602 1589 1653 1629 c.
1686 1579 1724 1626 2
1772 1570 1916 1623 falsa
1954 1571 2190 1627 omnino
2226 1569 2578 1638 interpreta-

615 1659 775 1711 tione
808 1658 873 1712 in
910 1675 1136 1713 errores
1174 1661 1408 1716 videtur
1443 1663 1740 1733 incidisse,
1781 1663 1923 1735 quin
1966 1662 2157 1730 etiam,
2200 1676 2376 1732 quum
2411 1656 2579 1719 Cati—

612 1750 791 1803 linam
841 1768 874 1801 a
924 1751 1268 1805 mulieribus
1319 1771 1580 1824 magnam
1615 1754 1876 1826 pecuniae
1914 1754 2031 1805 vim
2066 1765 2403 1820 corrogasse
2452 1766 2579 1801 nar-

617 1843 866 1904 raverit,
920 1842 1023 1895 illa
1080 1842 1344 1897 Sallustii
1397 1845 1573 1899 verba
1628 1851 1704 1911 (c.
1741 1849 1836 1909 24)
1893 1845 2006 1897 '’oes
2060 1841 2312 1896 alienum
2365 1840 2579 1911 grande
2681 1872 2686 1875 -

615 1933 1006 1988 conflaverant
1056 1936 1462 2006 (mulieres)’¹‚
1516 1937 1597 1990 ita
1645 1936 2024 1995 intellexisse,
2077 1933 2243 2007 quasi
2278 1931 2580 2004 pecuniam

617 2027 891 2097 grandem
949 2044 1312 2099 comparasse
1369 2046 1447 2083 eae
1503 2029 1857 2085 dicerentur.
1941 2026 2209 2080 Sallustii
2259 2044 2346 2079 vv.
2409 2042 2457 2081 c.
2507 2027 2579 2076 47

623 2117 912 2169 ”Senatus
949 2119 1230 2180 decernit,
1268 2121 1354 2172 uti
1395 2121 1662 2173 abdicato
1700 2120 2042 2187 magistratu
2074 2117 2357 2171 Lentulus
2397 2116 2576 2172 cett.”

614 2192 1003 2279 Appianusc.
1041 2216 1076 2263 5
1114 2210 1195 2260 ita
1230 2209 1435 2260 vertit:
1488 2206 1525 2276 ἦ
1573 2213 1677 2276 μὲν
1710 2206 1875 2279 βουλὴ
1910 2208 2155 2262 Λέντλον
2189 2210 2451 2283 παρέλυσε
2491 2206 2582 2277 τῆς

612 2292 777 2368 ἆρχῆς
837 2298 1111 2361 (Lentulo
1171 2302 1573 2373 magistratum
1632 2300 1892 2365 ademit).
1983 2297 2249 2352 Sallustii
2290 2299 2579 2354 ”diversis

612 2389 965 2444 itineribus”
1004 2393 1081 2457 (c.
1121 2401 1249 2460 503,
1281 2394 1558 2465 Appiam:
1622 2391 1778 2448 ''xoer’
1815 2388 2060 2448 ὀπισθίας
2084 2388 2278 2449 ὅδούς”
2318 2397 2450 2465 (per
2482 2409 2579 2464 po·

620 2481 826 2548 sticas)
864 2482 1057 2536 reddit
1094 2483 1157 2550 (l.
1197 2493 1295 2548 c.).
1372 2485 1612 2539 Sallust.
1668 2504 1763 2542 vv.
1805 2483 2077 2550 (ibidem)
2129 2484 2323 2537 ”Dum
2357 2485 2481 2539 haec
2520 2486 2582 2537 in

600 2582 821 2628 *senatu
859 2584 1112 2647 aguntur
1146 2585 1281 2633 cett.
1304 2609 1373 2620 —
1397 2577 1618 2632 Consul
1660 2579 1761 2632 ubi
1802 2595 1863 2631 ea
1899 2577 2090 2650 parari
2130 2577 2425 2646 cognovit,
2459 2576 2608 2638 dis-,

616 2668 828 2738 positis
879 2669 1200 2739 praesidiis‚
1253 2702 1323 2712 —
1383 2680 1700 2726 convocato
1761 2678 1960 2723 senatu
2001 2669 2182 2722 refert
2220 2670 2398 2721 cett.”
2467 2672 2582 2736 Ap.

616 2758 825 2829 pianus
866 2760 930 2815 (l.
971 2767 1052 2825 c.)
1092 2764 1379 2818 sententia
1416 2759 1726 2815 verborum
1764 2759 1942 2813 ”dum
1992 2791 2063 2802 -—-
2126 2758 2413 2830 aguntur”
2451 2772 2579 2827 per-

618 2866 814 2921 peram
846 2848 1160 2918 intellecta,
1184 2831 1434 2905 ridicule
1463 2853 1905 2923 interpretatur:
1949 2845 2063 2907 ”ὧν
2092 2848 2376 2919 alsensem
2401 2847 2578 2905 πυθό-

622 2959 783 3012 μενος
835 2939 1124 3012 ἐξέδραμεν
1176 2942 1233 2996 ἐκ
1289 2943 1388 2998 τοῦ
1428 2944 1798 3015 βουλευτηρίου
1821 3013 1824 3020 Ι
1845 2952 1936 3000 καὶ
1986 2945 2196 3001 διαθεὶς
2245 2970 2310 2980 -
2350 2937 2588 3012 φύλακας,

625 3033 903 3102 ἐπανῆλθε
951 3042 1042 3088 καὶ
1093 3031 1190 3102 τῆν
1222 3033 1436 3108 γνώμην
1481 3037 1805 3105 gustatam?
1846 3041 1988 3111 (quo
2043 3034 2274 3106 cognito
2293 3075 2309 3101 ‚
2372 3031 2581 3085 Cicero

622 3125 919 3195 procurrit
955 3140 988 3174 e
1024 3125 1186 3177 curia
1222 3125 1641 3201 dispositisque
1694 3130 1980 3202 praesidiis
2034 3143 2297 3180 reversus
2341 3124 2581 3194 urgebat

624 3215 1003 3281 sententias);
1060 3217 1225 3285 quasi
1261 3235 1397 3272 vero
1436 3219 1559 3272 haec
1596 3223 1784 3273 omnia
1821 3229 1936 3271 uno
1975 3217 2289 3287 eodemque
2326 3223 2582 3287 tempore

621 3312 912 3376 gerantur.
1018 3304 1212 3370 Quum
1268 3307 1515 3364 Galliam
1572 3308 1726 3380 apud
1776 3308 2011 3363 Sallust.
2050 3314 2122 3361 ⁵6
2160 3323 2286 3378 sqq.
2323 3306 2471 3361 falso
2512 3308 2584 3361 de

624 3394 1002 3467 Transalpina
1062 3396 1452 3461 intellexerit,
1490 3399 1727 3456 Sallust.
1785 3419 1872 3457 vv,
1915 3419 1963 3457 c.
2014 3407 2082 3452 57
2134 3398 2278 3467 ”per
2313 3400 2578 3453 montes”

627 3491 702 3558 (οε
739 3506 846 3559 per
879 3506 954 3546 m.
989 3491 1309 3561 Apennin.)
1352 3487 1517 3565 ”ὖπέρ
1542 3485 1813 3549 ’'Alme’‘
1853 3490 1923 3542 ab
1956 3507 2022 3543 eo
2049 3496 2357 3542 vertuntur
2390 3497 2447 3542 et
2467 3493 2582 3542 Διι-

625 3587 820 3635 tonius
879 3579 1189 3634 Catilinam
1245 3590 1403 3634 trans
1462 3581 1638 3652 Alpes
1707 3591 2005 3637 assecutus
2057 3581 2269 3635 vicisse
2317 3589 2583 3636 narratur

624 3674 702 3738 (c.
742 3673 825 3738 7).

530 3764 585 3830 ⁶)
624 3761 798 3828 Quod
836 3779 1011 3834 quum
1061 3763 1276 3836 ubique
1311 3762 1382 3816 ab
1419 3762 1633 3817 Nostro
1669 3764 1888 3819 factum
1926 3766 2023 3827 sit,
2087 3770 2208 3816 tum
2242 3766 2486 3820 maxime
2520 3767 2590 3819 in

627 3854 749 3909 illis
799 3854 1085 3908 librorum
1135 3855 1410 3909 monstris
1463 3865 1725 3926 apparet,
1763 3856 2203 3927 Hispaniensem
2249 3855 2379 3910 dico
2419 3865 2477 3910 et
2511 3858 2582 3911 de

624 3947 801 4000 hellis
838 3947 1110 4001 civilibus
1144 3948 1415 4020 primum,
1451 3946 1554 4000 ubi
1591 3947 1800 4002 mirum
1836 3956 2112 4021 quantum
2161 3965 2353 4004 rerum
2391 3955 2582 4019 gesta-
2643 4005 2646 4008 ,

630 4055 758 4091 rum
775 4077 792 4100 ‚
844 4039 1249 4094 institutorum
1297 4040 1685 4114 publicorum,
1733 4048 2014 4095 terrarum
2049 4042 2427 4112 locorumque
2460 4056 2591 4092 me-

622 4128 866 4183 moriam
901 4133 1282 4204 perturbavit.
