2832 4693
2098 297 2197 369 13

179 500 382 564 rebus
424 497 861 574 consuluerit,
921 517 1130 559 necne
1174 495 1615 572 consuluerit,
1660 499 2075 581 quaerendum
2123 502 2315 566 nobis

185 632 310 680 est.
424 616 665 680 Gallie.
729 614 806 687 1,
874 616 919 677 8
963 615 1027 677 in
1075 612 1263 678 clade
1307 614 1385 676 L.
1432 611 1663 676 Cassio
1708 637 1770 681 a.
1830 636 1893 677 u.
1955 619 2084 681 647
2125 617 2316 684 illata

185 732 536 799 Claudium
583 735 1359 816 (corruptoepraenomine
1399 730 1705 805 Paulum)
1749 745 1980 795 testem
2029 734 2312 800 advoca-

185 853 315 924 vit;
388 847 806 913 Hannibatio.
872 871 923 913 c.
981 851 1067 912 27
1134 848 1220 924 Q.
1270 847 1549 913 Fabium
1607 848 2027 928 (Pictorem),
2085 853 2314 921 Punic.

185 988 244 1031 c.
295 968 418 1029 13²
465 965 847 1049 Polybium,
920 963 1345 1029 Mithridatio.
1416 986 1467 1027 c.
1512 968 1557 1028 8
1602 964 2071 1050 Hieronymum
2119 969 2317 1051 (Car-

183 1084 480 1158 dianum)
548 1081 922 1148 nominibus
984 1080 1225 1144 Noster
1286 1080 1605 1147 laudavit.
1661 1121 1745 1131 —-
1786 1083 2005 1148 Antea
2072 1103 2315 1168 autem,

184 1222 378 1284 quum
426 1201 507 1264 ad
555 1200 711 1264 illos
755 1213 1059 1263 auctores
1103 1200 1468 1284 tangendos
1512 1202 1892 1287 aggrediar,
1937 1204 2018 1265 de
2062 1204 2320 1268 duobus

184 1316 614 1400 scriptoribus
677 1317 1019 1379 dicendum
1091 1319 1251 1393 erit,
1318 1338 1481 1400 quos
1547 1317 1631 1379 ab
1703 1321 2005 1404 Appiano
2076 1320 2318 1406 aliquis

189 1434 413 1497 credat
459 1437 523 1498 in
570 1456 758 1498 usum
807 1454 952 1495 esse
999 1432 1365 1510 adhibitos,
1429 1432 1695 1494 Livium
1761 1435 1906 1498 dico
1952 1449 2020 1498 et
2065 1437 2322 1502 Plutar-

187 1550 404 1615 chum.
522 1554 813 1617 Fuerunt
873 1552 1089 1626 enim,
1156 1553 1264 1633 qui
1325 1550 1704 1633 Appianum
1773 1551 1972 1615 multa
2043 1578 2079 1617 e
2139 1555 2321 1619 Livii

184 1666 375 1732 libris
401 1669 703 1732 hausisse
737 1667 1230 1743 contenderent,
1275 1671 1429 1750 quin
1457 1666 1880 1732 Plutarchum
1929 1672 2009 1735 ad
2048 1672 2318 1736 verbum

194 1785 578 1848 exscribere
624 1785 929 1857 solitum3
974 1804 1245 1868 quorum
1297 1787 1546 1847 neutris
1592 1789 1935 1852 assentior.
2026 1787 2165 1850 lmo
2214 1812 2323 1873 po-

187 1904 317 1964 tius
364 1902 598 1980 dicam,
642 1902 907 1965 Livium
955 1921 1272 1984 nusqvam
1321 1903 1386 1960 in
1436 1904 1746 1963 universo
1794 1925 2017 1987 opere,
2083 1909 2208 1968 nisi
2255 1910 2324 1969 in

185 2022 407 2103 priore
439 2021 731 2082 historiae
768 2037 1001 2099 regum
1047 2030 1257 2096 porte,
1302 2016 1385 2078 ab
1431 2014 1677 2078 Nostro
1722 2037 1868 2079 esse
1914 2019 2322 2098 consultumg

189 2156 562 2219 quanquam
628 2155 709 2195 ne
753 2134 834 2195 de
879 2154 957 2194 ea
1005 2134 1265 2216 quidem
1315 2133 1664 2217 quidquam
1731 2157 1843 2217 pro
1905 2151 2084 2201 certo
2144 2138 2326 2202 affir-

190 2255 355 2315 mari
406 2264 639 2336 potest.
740 2250 830 2312 At
877 2263 1052 2313 certe
1077 2262 1258 2312 tanta
1294 2262 1393 2312 est
1438 2252 1505 2312 in
1551 2250 1834 2336 singulis
1881 2257 2325 2338 antiquiorum

191 2383 557 2454 temporum
622 2368 818 2434 rebus
864 2390 1008 2433 cum
1057 2367 1254 2431 Livio
1300 2366 1699 2446 similitudo,
1771 2386 1839 2432 ut
1887 2393 2015 2435 non
2064 2397 2330 2458 prorsus

191 2509 440 2572 negare
500 2488 816 2559 audeam,
881 2489 1040 2569 quin
1106 2484 1188 2546 ab
1251 2507 1333 2546 eo
1396 2487 1742 2568 Appianus
1803 2486 1926 2549 hoc
1992 2490 2097 2552 vel
2161 2492 2324 2555 illud

191 2606 553 2685 sumpsisse
580 2604 879 2663 videatur
904 2623 924 2666 ε
949 2621 1144 2683 quum
1174 2603 1534 2682 praesertim
1569 2601 1855 2661 locorum
1884 2606 2051 2685 apud
2085 2621 2332 2668 utrum-

193 2742 322 2807 que
351 2716 667 2781 similium
697 2739 893 2779 unum
943 2731 1007 2778 et
1036 2714 1316 2779 alterum
1342 2717 1514 2801 apud
1541 2714 1741 2779 alium
1780 2721 2105 2785 neminem
2139 2725 2324 2787 inve-

192 2840 428 2902 nerim.
553 2836 769 2917 Hnjus
813 2834 1269 2898 similitudinis
1313 2833 1626 2918 exempla
1671 2850 1824 2898 stunt
1869 2835 1939 2914 l,
2009 2843 2045 2902 1
2092 2863 2329 2906 nomen

191 2953 345 3017 Lat.
395 2952 877 3037 Aboriginibus
920 2952 1004 3016 ab
1051 2950 1266 3014 AEnea
1313 2952 1578 3028 datum,
1643 2951 1852 3016 alteru
1912 2953 1992 3016 de
2038 2957 2330 3022 Ascanio

192 3073 532 3144 narratio,
594 3090 736 3152 quae
782 3069 1082 3131 Livianae
1128 3067 1499 3152 confusioni
1546 3073 1867 3153 originem
1919 3074 2177 3135 videtur
2220 3075 2332 3138 de·

195 3187 396 3264 bere,
442 3184 705 3249 Romuli
753 3182 949 3248 Silvii
999 3205 1235 3246 nomen
1284 3186 1543 3270 utrique
1589 3207 1971 3265 commune,
2032 3191 2337 3275 impietas

195 3309 388 3388 ejus,
455 3305 559 3366 cui
605 3304 807 3366 ceteri
852 3304 1325 3374 immorantur,
1387 3302 1472 3366 ab
1537 3318 1812 3390 utroque
1874 3311 2336 3390 pretermissa,

195 3424 543 3502 utriusque
586 3419 668 3482 de
714 3416 1075 3482 Silviorum
1122 3422 1514 3504 cognomine
1559 3415 1943 3497 ndtnonitio,
2004 3424 2157 3486 Reae
2204 3423 2338 3487 Sil·

196 3542 326 3601 viae
370 3556 652 3610 nomeu;
715 3533 789 3613 1,
831 3537 913 3612 4,
981 3556 1207 3619 preces
1252 3532 1688 3612 Sabinarum,
1754 3535 1911 3613 alia,
1970 3538 2051 3601 de
2095 3540 2335 3624 quibus

197 3655 352 3721 infr.
466 3652 542 3717 In
589 3650 847 3739 reliquo
890 3674 1090 3736 opere
1134 3654 1423 3738 Appiani
1471 3654 1656 3720 nulla
1700 3656 1877 3720 Livii
1925 3659 2084 3720 aditi
2136 3662 2335 3722 vesti-

199 3773 315 3857 gia
358 3770 712 3854 indagavi3
781 3792 927 3856 quoe
974 3791 1135 3833 vero
1179 3791 1323 3834 cum
1372 3771 1573 3835 Livio
1617 3773 1980 3838 similitudo
2024 3777 2333 3857 Appiano

200 3886 514 3970 deinceps
576 3888 962 3966 intercedit,
1032 3890 1300 3951 omnino
1363 3886 1497 3951 ulia
1552 3905 1693 3968 est,
1760 3893 1950 3971 cujus
2005 3890 2333 3986 originem

198 4001 355 4065 inde
400 4014 700 4088 repetas,
765 4006 938 4090 quod
987 4005 1094 4068 hic
1136 4003 1278 4068 illic
1342 4006 1601 4089 utrique
1663 3979 1874 4067 iidem*
1925 4004 2004 4067 nd
2071 4025 2334 4070 manum

200 4118 422 4184 fontes
464 4118 774 4196 fuerunt,
845 4124 917 4185 in
970 4133 1280 4186 extrema
1334 4120 1613 4184 historin
1652 4121 1942 4201 Punica,
2008 4124 2074 4186 in
2133 4120 2338 4186 rebus
