2832 4693
623 326 722 398 12

514 534 816 599 discessit
832 544 1027 615 atque
1044 529 1319 592 eundem
1346 551 1489 593 cum
1507 529 1860 594 Plutarcho
1881 528 2127 593 fontem
2144 542 2256 593 aut
2275 531 2490 615 ipsum
2511 532 2656 595 for·

514 663 692 714 tasse
740 647 1160 712 Plutarchum
1208 648 1393 723 adiit,
1438 648 1517 710 ad
1566 648 1734 732 quod
1782 647 1870 714 V.
1915 645 1988 710 C.
2033 645 2320 712 animum
2368 670 2500 711 nou
2551 663 2652 712 at-

514 769 745 830 tendit.
841 765 967 828 His
991 767 1445 850 discrepantiae
1478 763 1810 848 exemplis
1833 763 2083 843 allatis,
2125 786 2325 828 unum
2360 765 2653 850 denique

514 885 954 969 fragmentum
1018 883 1249 946 addam
1297 878 1530 944 Gallie.
1575 882 1684 957 X,
1754 880 1864 944 ubi
1912 896 2241 947 certamen
2302 878 2648 968 singulare

513 1001 962 1066 Valerii'cum
1011 999 1209 1063 Gallo
1266 996 1503 1083 regulo
1549 1000 1930 1083 attingitur,
1985 1000 2065 1061 de
2110 1021 2238 1084 quo
2284 1001 2649 1062 certamine

515 1126 711 1203 quum
760 1117 994 1180 Livius
1040 1115 1235 1196 (Vll,
1289 1118 1445 1192 26),
1513 1113 1872 1199 Dionysius
1933 1116 2137 1197 (XV,
2207 1117 2342 1198 1),=
2383 1115 2647 1179 Gellius

517 1233 629 1315 (N.
678 1235 762 1297 A.
807 1232 907 1295 lx
937 1278 955 1306 ‚
1024 1236 1170 1310 11),
1219 1235 1328 1316 qui
1377 1232 1457 1294 ad
1505 1231 1709 1295 libros
1755 1232 2029 1296 annales
2078 1246 2429 1319 provocat,
2472 1236 2649 1295 inter

511 1370 588 1413 se
646 1351 1096 1423 consentiant,
1179 1347 1401 1410 brevis
1475 1349 1765 1433 Appiani
1841 1349 2030 1413 locus
2094 1351 2184 1413 ad·
2253 1349 2456 1412 verba
2515 1349 2649 1412 sal-

518 1482 647 1531 tem
719 1466 1015 1529 nonnihil
1099 1467 1353 1529 videtur
1437 1466 1833 1549 discrepare.
1971 1450 2228 1530 Deinde
2303 1465 2430 1529 loci
2507 1469 2648 1550 Ap-

520 1586 695 1670 piani
746 1585 1208 1661 inveniuntur,
1281 1581 1389 1645 ubi
1437 1581 1636 1645 nullis
1681 1581 2060 1646 auctoribus
2108 1580 2367 1647 nomine
2425 1585 2647 1646 citatis

516 1702 1017 1784 discrepantiam
1057 1702 1443 1784 scriptorum
1492 1702 1633 1782 ipse
1671 1701 2006 1763 indicavit.
2102 1700 2165 1764 D
2212 1701 2376 1785 Reg.
2420 1699 2453 1762 I
2498 1701 2646 1771 dua}

514 1820 902 1882 traditiones
947 1817 1026 1878 de
1073 1817 1361 1879 Ascanio
1406 1829 1597 1892 sunt,
1658 1837 1930 1900 quarum
1997 1840 2124 1881 non
2189 1820 2313 1881 nisi
2359 1818 2645 1900 priorem

519 1959 662 2001 cum
712 1935 1030 2018 Dionysio
1089 1908 1494 1997 communem
1559 1932 1756 1996 habet
1776 1937 1862 2007 ⁸).
1961 1935 2240 2023 Samnit²
2285 1935 2381 2005 X,
2426 1937 2470 1996 3
2513 1934 2649 1996 dis-

520 2056 769 2135 crepari
835 2054 1110 2128 dicitur,
1184 2068 1395 2115 utrum
1446 2049 1687 2114 Cineas
1722 2036 1725 2040 ¹
1760 2073 1842 2114 an
1910 2051 2197 2134 Pyrrhus
2235 2050 2646 2134 ‘quibusdam

518 2167 738 2232 verbis
781 2189 937 2229 usus
981 2171 1088 2228 sit.
1186 2168 1593 2259 Plutarchus·
1622 2168 1740 2230 illa
1772 2167 1976 2232 verba
2018 2171 2095 2230 ad
2122 2167 2393 2231 Cineam
2434 2169 2643 2232 solum

518 2285 746 2350 retulit
777 2282 1030 2366 (Pyrrh.
1076 2283 1220 2363 19);
1265 2283 1570 2367 Dionysii
1619 2288 1953 2370 excerptis
1996 2285 2063 2346 h.
2113 2284 2159 2346 1.
2207 2285 2639 2352 destituimur.

517 2404 858 2467 Samnitic.
904 2402 1014 2476 X,
1083 2403 1126 2461 4
1185 2402 1266 2463 de
1314 2406 1645 2484 responsis
1692 2402 1973 2466 Fabricii
2042 2404 2301 2482 agitur,
2371 2426 2637 2489 quorum

519 2520 796 2584 alterum
848 2519 1026 2601 prius
1068 2517 1340 2581 allatum
1388 2519 1469 2580 ad
1516 2522 1906 2582 sententiam
1952 2515 2183 2581 saltem
2225 2543 2369 2583 cum
2399 2522 2641 2605 Diony·

519 2642 619 2702 sio
664 2636 974 2717 (XVIII,
1010 2613 1015 2614 ⁷
1049 2638 1359 2720 11—17),
1424 2634 1702 2700 alterum
1775 2658 1859 2699 ex
1909 2636 2043 2700 alio
2112 2637 2293 2699 fonte
2340 2639 2642 2702 haustum

502 2775 663 2832 'cum
714 2752 1062 2813 Plutarcho
1124 2755 1428 2833 congruit
1478 2752 1739 2833 (Pyrrh.
1783 2750 1915 2829 2⁰).
2023 2750 2097 2814 In
2160 2752 2475 2837 ejusmodi
2536 2774 2642 2815 re·

518 2868 643 2933 bus
709 2867 1054 2951 Appianus
1122 2864 1587 2950 loquacissimo
1656 2865 1984 2930 scribendi
2046 2891 2289 2953 genere
2362 2871 2641 2933 fortasse

520 2987 860 3070 fatigatus,
902 3005 1029 3066 quo
1049 2980 1406 3063 Dionysius
1430 2985 1509 3046 ad
1532 2998 1901 3048 extremum
1928 2988 2031 3048 sui
2052 2986 2287 3048 similis
2315 3007 2470 3047 usus
2503 3010 2640 3072 per-

519 3116 718 3186 petuo
745 3114 870 3171 est,
911 3099 1113 3161 alium
1153 3120 1613 3186 nonnunquam
1650 3116 1982 3166 auctorem
2018 3105 2276 3165 videtur
2300 3103 2539 3167 adisse.
2565 3141 2630 3151 —-

521 3218 738 3280 Locus
800 3217 1082 3298 denique
1147 3222 1465 3296 occurrit,
1550 3219 1663 3282 ubi
1727 3223 1794 3281 in
1856 3242 1927 3282 re
1989 3217 2263 3303 quadam
2335 3219 2639 3283 audacter

518 3333 707 3424 gesta
773 3334 1156 3414 scriptorem
1220 3335 1585 3398 Romanum
1661 3351 1892 3399 testem
1971 3337 2233 3398 nomine
2295 3335 2640 3399 advocavit

520 3453 726 3537 (Gall.
772 3449 936 3530 V1);
1007 3453 1152 3533 quis
1213 3466 1430 3515 autem
1479 3453 1713 3530 fuerit,
1784 3475 1980 3538 quum
2042 3472 2276 3513 nomen
2340 3468 2637 3537 corrupte

519 3573 832 3653 scriptum
879 3567 988 3642 sit,
1035 3569 1148 3628 vix
1199 3570 1543 3649 dijudicari
1589 3582 1840 3651 potest3
1885 3570 1967 3632 de
2013 3590 2140 3653 quo
2185 3568 2356 3630 infra
2407 3570 2639 3631 videri-

522 3707 688 3750 mus.
804 3683 954 3746 Huc
998 3684 1286 3761 accedit,
1327 3685 1528 3769 ‘quod
1597 3689 1665 3748 in
1744 3684 2000 3770 reliquo
2063 3684 2374 3768 deinceps
2443 3706 2636 3770 opere

523 3801 875 3886 scriptores
922 3798 1275 3862 nonnullos
1322 3802 1585 3866 nomine
1611 3800 1931 3875 laudavit,
1976 3820 2140 3882 quos
2165 3813 2378 3863 utrum
2427 3802 2494 3863 in
2540 3801 2636 3864 his

589 4066 643 4122 θ)
679 4033 988 4134 Duplicem
1026 4065 1355 4120 memoriam
1394 4066 1466 4120 de
1497 4071 1681 4120 morte
1717 4060 1949 4118 Romuli
2005 4079 2124 4115 non
2161 4060 2276 4116 huc
2316 4066 2631 4134 traducauu

682 4170 817 4209 nam
852 4171 938 4209 s1c
974 4173 1191 4216 omues.
