2832 4693
2099 347 2194 419 ⁶1

190 547 346 602 Dion
379 546 541 604 Cass.
578 545 674 612 (C.
712 546 899 604 Vatic.
935 564 989 618 p.
1031 549 1179 614 170),
1215 547 1385 601 Oros.
1423 544 1572 616 (lv,
1619 552 1715 612 8),
1750 547 2014 606 Frontin.
2052 553 2316 625 (strateg.

190 636 293 703 lv,
323 643 408 715 J).
508 637 653 705 Quoe
697 654 877 709 quum
912 636 993 690 ita
1030 636 1185 703 sint,
1236 654 1447 692 nomen
1483 638 1816 693 Fabricium
1873 640 2025 712 apud
2061 644 2327 715 Appiam:

191 729 704 800 Schweighaeuser
739 745 869 781 cum
926 728 1160 782 valesio
1208 736 1545 801 corruptum
1585 747 1713 784 esse
1748 739 2002 788 censent.
2072 737 2153 787 At
2184 735 2316 792 vide

190 822 430 895 Dionys.
451 822 581 889 ΧΧ,
615 828 667 889 7,
701 829 757 885 8,
792 819 892 872 nbi
932 817 1273 874 seditionem
1308 822 1563 875 militum
1596 823 1858 895 punitam
1891 821 1965 875 ad
1995 823 2324 882 Genucium‘

191 914 489 987 consulem
538 911 643 966 ille
700 910 932 983 quidem
991 910 1208 975 refert,
1265 912 1367 966 sed
1423 930 1545 966 eam
1595 913 1801 986 utique
1858 914 2093 969 alteram
2129 922 2319 983 vocat,

192 1007 347 1060 unde
375 1007 653 1077 colligas,
690 1003 929 1057 alteram
968 1005 1380 1073 antecessisse,
1431 1023 1600 1076 quam
1635 1005 1709 1058 ad
1742 1005 2077 1061 Fabricium
2105 1010 2317 1064 'consu-

192 1096 304 1150 lm
343 1097 580 1151 rehu-
625 1091 813 1146 fuisse
846 1093 969 1146 veri
1027 1096 1333 1150 admodum
1369 1096 1558 1150 simile
1594 1104 1716 1160 est,
1783 1116 1959 1169 quum
1998 1102 2321 1171 prasertim

192 1188 255 1242 in
291 1189 501 1242 ceteris
538 1188 610 1242 de
625 1189 809 1243 Decio
834 1189 1086 1243 narratis
1121 1194 1369 1259 uterque
1406 1189 1754 1254 consentiat,
1788 1189 1861 1243 ab
1897 1191 2029 1245 aliis
2065 1193 2320 1253 recedat.

192 1339 342 1407 Lib.
376 1341 622 1406 Gallie.
667 1343 991 1425 IEpitom,
1027 1344 1164 1406 libr.
1211 1343 1268 1405 11
1289 1342 1440 1406 Exc.
1485 1341 1625 1405 v111
1669 1344 1747 1406 de
1771 1344 2212 1423 Legationibus
2236 1381 2320 1391 ——

194 1447 275 1510 111
320 1448 471 1511 Exn.
517 1448 602 1509 lx
646 1449 725 1511 de
767 1450 982 1530 Legat.
1033 1483 1103 1493 —
1170 1447 1249 1508 1v
1290 1448 1531 1528 Fragm.
1578 1464 1673 1526 ap.
1720 1446 1892 1511 Suid.
1933 1482 2018 1494 ——
2075 1450 2128 1510 V
2169 1450 2319 1514 Exc.

194 1552 457 1616 Peiresc.
510 1588 576 1597 —
624 1552 735 1614 vll
777 1553 1017 1635 Fragm.
1064 1572 1161 1633 ap.
1204 1551 1374 1616 Suid.
1437 1558 1504 1613 et
1545 1550 1694 1614 Exc.
1739 1552 2008 1618 Peiresc.
2053 1587 2137 1600 —
2178 1556 2330 1618 vm·

960 1657 1197 1738 Fragm.
1244 1676 1340 1737 ap.
1384 1655 1555 1720 Suid.

331 1792 683 1862 Appianum,
718 1793 874 1845 sicut
904 1792 967 1844 in
1004 1793 1424 1864 superioribus,
1461 1794 1544 1847 sic
1581 1794 1753 1846 etiam
1779 1793 1842 1846 in
1866 1794 2107 1848 Gallicis
2142 1795 2319 1853 rebus

200 1897 525 1953 quanquam
576 1880 694 1948 jam
739 1881 811 1931 ab
849 1882 1018 1933 initio
1070 1883 1246 1933 alium
1298 1885 1503 1934 ducem
1555 1885 1628 1934 ad
1668 1903 1897 1937 manum
1949 1904 2012 1938 se
2047 1886 2322 1941 habuisse

196 1973 321 2044 ipse
357 1971 674 2024 declaravit
708 1970 871 2040 (vl),
905 1970 1173 2043 Dionysii
1206 1980 1393 2025 tamen
1430 1956 1832 2026 narrationem„
1863 1982 1998 2030 ante
2035 1977 2227 2028 omnia
2261 1978 2327 2030 in

192 2081 361 2118 usum
412 2062 807 2124 convertisse,
869 2061 930 2114 in
969 2063 1206 2117 exordio
1245 2064 1745 2118 commentationis
1780 2066 2170 2136 significatum
2217 2076 2321 2124 est.

186 2156 390 2209 Livius
428 2155 525 2220 (V.
576 2161 645 2209 34
680 2157 836 2225 sqq.)
884 2156 1175 2226 praecipuc
1224 2156 1296 2208 de
1332 2154 1632 2211 Gallorum
1682 2157 1744 2210 in
1796 2157 2019 2231 ltaliam
2071 2158 2324 2211 transitu

189 2248 435 2301 multum
474 2248 544 2299 ab
582 2246 794 2300 ceteris
830 2247 1217 2319 scriptoribus
1254 2247 1545 2319 discrepat
1581 2248 1720 2315 (vid.
1761 2249 2103 2303 Lachmann.
2144 2246 2203 2312 I,
2264 2267 2319 2321 p.

188 2346 315 2405 22⁵),
353 2338 632 2410 Polybius
657 2357 865 2392 rursus
890 2339 964 2406 (l,
986 2344 1045 2403 6)
1084 2339 1293 2394 abillis
1315 2340 1593 2406 discedit,
1630 2341 1842 2414 reliqui
1867 2342 2000 2414 plus
2020 2341 2212 2395 minus
2240 2342 2321 2396 in-

195 2440 283 2486 ter
321 2449 385 2484 se
421 2434 810 2490 consentiunt,
880 2436 963 2485 At
997 2433 1151 2486 inter
1187 2434 1516 2505 Appianum
1557 2442 1616 2488 et
1647 2435 1996 2508 Dionysium
2033 2441 2092 2487 et
2128 2435 2189 2487 in
2224 2453 2324 2489 re-

192 2524 302 2577 bus
358 2531 417 2577 et
453 2524 514 2575 in
556 2525 749 2578 verbis
786 2522 969 2575 mirus
1004 2525 1350 2598 plerumque
1400 2544 1737 2583 consensus.
1826 2525 2137 2597 Exempla,
2198 2543 2326 2596 quaa

189 2618 305 2670 huc
341 2616 674 2688 pertinent,
725 2614 983 2667 breviter
1015 2632 1256 2684 ponam:
1294 2621 1445 2689 App.
1497 2617 1554 2684 1,
1590 2616 1648 2670 ΙΙ
1687 2625 1743 2670 et
1780 2615 1893 2687 ΙΙΙ,
1945 2618 2119 2671 Dion.
2159 2617 2324 2688 xm,

193 2716 420 2775 14-19,
457 2707 529 2761 dc
565 2706 755 2779 primo
795 2705 1093 2760 Gallorum
1130 2708 1381 2761 adventu
1419 2710 1482 2761 in
1519 2708 1743 2762 ltaliam
1781 2726 1956 2780 super
1973 2709 2151 2780 Alpes
2193 2727 2325 2781 pro-

191 2802 517 2864 fectorum,
576 2799 649 2853 de
682 2799 842 2853 bello
882 2797 1164 2863 Clusino,
1226 2802 1299 2854 de
1356 2801 1548 2854 tribus
1587 2801 1784 2856 Fabiis
1839 2805 2124 2868 (ceterum
2175 2777 2358 2873 apud·

190 2902 503 2965 utrumque
537 2893 706 2964 plura
758 2891 831 2944 ab
870 2892 1306 2963 excerptoribus
1356 2900 1496 2945 sunt
1528 2893 1948 2965 praetermissa,
1988 2909 2116 2963 quae
2151 2893 2225 2945 ad
2251 2894 2326 2947 si-

189 2985 579 3040 militudinem
614 2982 975 3054 singularum
1011 2999 1202 3036 rerum
1238 2983 1470 3054 plenius
1507 2983 1861 3054 probandam
1899 2984 2091 3036 valere
2124 2991 2327 3053 potue·

190 3086 365 3145 runt3
407 3074 563 3149 quod
598 3075 752 3146 apud
786 3073 1128 3146 Dionysium
1168 3072 1373 3138 (xm,
1414 3083 1509 3140 18)
1554 3094 1673 3129 non
1711 3082 1802 3128 est
1835 3076 1954 3128 nisi
1989 3075 2063 3128 de
2098 3073 2327 3129 duobus

186 3169 389 3223 Fabiis
425 3168 644 3221 mentio
683 3166 858 3233 facta,
915 3167 1259 3236 corruptelae
1312 3166 1588 3230 debetur,
1644 3167 1818 3239 paulo
1855 3167 2008 3219 enim
2060 3173 2194 3219 ante
2231 3164 2330 3226 εἷς

187 3256 302 3318 τῶν
336 3257 757 3330 πρεσβευόντων,
793 3273 912 3310 non
948 3257 1123 3329 ἕτερος
1160 3259 1438 3330 legitur);
1492 3263 1638 3331 App.
1669 3257 1770 3327 IV,
1806 3258 2050 3333 Dionys.
2089 3257 2255 3325 xul,
2294 3265 2330 3313 9

192 3352 265 3406 de
301 3351 512 3405 Pontio
551 3348 842 3410 Cominio,
885 3366 1052 3419 quem
1105 3349 1619 3422 Schweighaeuser
1654 3350 1951 3405 valesium
1990 3358 2226 3405 secutus
2264 3354 2330 3405 in

191 3452 312 3502 not.
355 3443 427 3496 ad
462 3443 517 3497 h.
557 3441 595 3497 l.
633 3438 1045 3494 eumCaedicio
1082 3444 1460 3512 permiscuit3
1498 3444 1694 3510 (idem,
1733 3445 1889 3514 quod
1908 3462 2079 3515 supra
2107 3444 2328 3509 monui,

188 3537 253 3589 in
306 3536 430 3588 haic
487 3549 718 3606 quoque
766 3540 1037 3604 excerpta
1087 3533 1271 3594 valet3
1328 3532 1436 3588 cfr.
1473 3541 1749 3606 praterea
1784 3534 2079 3592 Plutarch.
2131 3533 2198 3589 G.
2237 3541 2328 3601 25,

190 3628 344 3682 Gell.
397 3624 602 3699 XVII,
664 3635 721 3693 2,
756 3628 872 3681 Dio
911 3627 977 3683 G.
1025 3624 1119 3693 (G.
1160 3624 1289 3680 Vat.
1324 3630 1384 3691 8)
1424 3625 1632 3683 Zonar.
1669 3624 1813 3689 Vll,
1872 3633 2005 3695 23„
2061 3628 2217 3699 App.
2260 3628 2330 3694 V,

185 3720 364 3776 Dion.
406 3718 563 3787 xm,
603 3731 656 3784 7,
692 3728 748 3783 8,
793 3719 865 3772 de
889 3717 1143 3772 Caedicio
1178 3716 1404 3787 legat03
1443 3719 1619 3792 (apud
1656 3726 1881 3774 eeteros
1918 3719 2070 3775 nihil
2105 3718 2178 3774 de
2207 3720 2325 3774 Cn-

190 3812 331 3866 dicii
371 3812 660 3883 legatione
696 3811 951 3879 legitur-3
999 3827 1074 3863 ne
1109 3808 1264 3881 apud
1299 3809 1525 3864 Livium
1563 3812 1832 3884 quidem,
1871 3814 1970 3887 qni
2011 3811 2330 3867 Coedicium

188 3904 295 3977 (V,
341 3909 441 3969 46)
483 3908 926 3964 commemorat,
965 3900 1156 3956 simile
1195 3901 1510 3974 quidquam
1547 3903 1620 3956 de
1659 3919 1727 3956 eo
1765 3904 2055 3966 refertur,
2094 3910 2154 3955 at
2189 3902 2331 3957 nio-

192 4014 315 4070 nys.
361 3995 471 4050 vu
511 4002 784 4068 excepto,
824 3994 979 4065 quod
1015 3994 1207 4049 Baius
1243 4002 1578 4064 corruptum
1619 4010 1745 4048 esse
1781 3994 1845 4050 in
1878 4002 2000 4050 not.
2058 3992 2130 4047 ad
2181 3993 2237 4048 h.
2289 3993 2332 4051 l.

192 4088 438 4158 monuit,
474 4087 777 4159 Appianus
807 4103 936 4139 rum
962 4086 1248 4160 Dionysio
1269 4087 1413 4139 mire
1446 4085 1802 4155 consentit);
1836 4089 1983 4160 App.
2022 4085 2071 4150 Ι,
2107 4093 2159 4148 1,
2202 4080 2330 4150 vn,

202 4177 360 4252 vm,
393 4179 572 4237 Dion.
608 4177 773 4243 xlv,
814 4182 912 4244 18,
951 4183 1196 4241 18-17,
1233 4176 1306 4234 de
1342 4175 1521 4232 altera
1559 4176 1859 4234 Gallorum
1894 4178 2170 4236 adversus
2205 4173 2330 4230 110-
