2832 4693
632 299 733 375 58

515 508 724 571 hahuit
769 504 1104 571 (Claudium
1138 502 1398 557 fortasse·
1425 517 1477 555 v,
1521 517 1568 554 c.
1605 505 1674 567 40
1710 518 1882 572 pugn.
1922 501 1992 555 ad
2029 501 2291 569 Anien.)-
2381 503 2474 557 Eo
2530 504 2649 559 fac-

517 610 641 655 tum
683 606 791 662 est,
828 606 895 651 ut
929 595 1217 667 Appiano,
1251 590 1519 664 Dionysii
1561 591 1944 664 compilatori,
1979 593 2077 657 hic
2115 593 2241 647 illic
2284 593 2480 664 aliqua
2515 613 2648 649 cum

516 692 681 751 Livio
727 697 826 742 aut
848 670 1162 742 Plutarcho
1197 683 1519 740 similitudo
1553 685 1741 755 primo
1779 693 2019 757 aspectu
2052 685 2421 741 intercedere
2454 687 2646 742 videa·

514 790 629 836 tur.
703 781 1031 853 Appianum
1066 786 1259 832 autem
1295 776 1564 849 Dionysii
1601 777 1863 847 vestigiis
1902 775 2219 847 ingressum
2260 794 2424 840 esse,
2481 786 2538 832 et
2575 796 2644 832 ex

512 874 627 926 hoc
667 880 938 944 excerpto
976 878 1035 924 et
1070 870 1254 924 altero
1295 869 1430 923 infr.
1475 867 1650 935 (Gall.
1674 868 1769 930 V.)
1804 869 1977 940 plane
2013 869 2384 940 intelligitur.
2455 869 2645 941 Caput

513 961 565 1029 I,
599 982 777 1037 quum
795 963 1112 1038 Dionysius
1151 961 1296 1015 nihil
1335 959 1409 1012 ad
1445 960 1887 1031 comparandum
1918 962 2191 1033 praeheat‚
2228 961 2467 1015 silentio
2503 980 2643 1034 proe·

514 1057 918 1113 termittemus.
1022 1054 1088 1118 C.
1127 1060 1213 1117 2„
1271 1052 1414 1119 Quae
1450 1051 1549 1106 hie
1584 1052 1885 1123 Appianus
1923 1054 2093 1125 plura
2127 1052 2334 1129 hahet,
2386 1070 2451 1106 ea
2489 1052 2644 1123 apud

510 1148 854 1220 Dionysium
909 1145 1261 1217 excerptoris
1331 1145 1502 1214 culpa
1552 1144 1957 1199 desiderantur
2010 1146 2111 1210 (1).
2176 1142 2362 1207 XIII,
2430 1152 2498 1211 5,
2557 1150 2638 1210 6).

515 1240 708 1306 Quum
738 1237 914 1290 ceteri
953 1237 1271 1307 scriptores
1301 1236 1361 1288 in
1399 1253 1466 1288 eo
1506 1252 1703 1288 omnes
1730 1236 2115 1300 consentiant,
2145 1243 2213 1290 ut
2248 1244 2308 1290 et
2329 1237 2642 1295 Camillum

508 1330 622 1383 XV
656 1328 893 1382 milibus
934 1328 1165 1381 multari
1203 1327 1356 1392 (Liv.
1394 1327 1468 1395 V,
1506 1332 1592 1393 32,
1632 1327 1821 1382 Valet.
1857 1328 2009 1389 Max.
2043 1329 2125 1392 V,
2162 1338 2216 1393 3,
2251 1336 2307 1392 2,
2339 1330 2640 1386 Plutarch.

408 1464 411 1469 ,
509 1421 576 1477 C.
616 1429 701 1485 13,
726 1421 938 1479 Zonar,
966 1418 1093 1483 vlt,
1133 1424 1229 1486 22)
1267 1427 1326 1471 et
1368 1418 1826 1479 eum-absentem
1845 1410 2099 1473 damnari
2133 1420 2374 1490 faciant,
2413 1421 2638 1492 Appia·

510 1533 621 1571 nus
655 1532 783 1570 eum
819 1511 1103 1583 Dionysio
1142 1517 1200 1562 et
1236 1522 1365 1591 ‘eum
1405 1531 1436 1564 a
1473 1511 1688 1582 populo
1731 1512 2059 1564 damnatum
2096 1520 2155 1565 et
2188 1513 2454 1584 pecuniae
2490 1531 2638 1565 sum·

502 1623 691 1671 mam,
724 1604 787 1656 in
823 1602 1105 1677 myriades
1148 1609 1368 1655 auctam
1389 1641 1407 1666 ,
1445 1599 1564 1672 jam
1602 1610 1766 1669 aute,
1818 1623 1987 1676 quam
2024 1605 2086 1657 iu
2122 1605 2360 1658 exilium
2396 1605 2638 1668 abisset,

507 1715 581 1751 ne
618 1715 731 1769 qua
769 1712 981 1766 corpus
1024 1691 1150 1762 ejus
1189 1695 1540 1748 contumelia
1579 1694 1945 1761 afficeretur,
1983 1716 2014 1749 a
2051 1698 2393 1770 propinquis
2434 1715 2639 1767 eroga-

510 1799 624 1844 tam
664 1807 787 1844 esse
828 1786 1100 1858 produnt.
1189 1783 1258 1837 In
1296 1787 1551 1838 numeris
1589 1787 1887 1858 prioribus
1933 1789 2026 1845 (A.
2069 1794 2173 1849 50,
2213 1787 2289 1849 ν’,
2347 1791 2416 1843 D.
2463 1797 2530 1841 10
2567 1794 2637 1850 ι’),

505 1897 653 1953 quos
689 1875 1028 1947 ceteroquin
1062 1884 1368 1946 corruptos
1404 1884 1582 1948 puto,
1619 1877 2008 1947 discrepantia
2045 1878 2364 1940 invenitur;
2406 1878 2539 1940 sed,
2576 1877 2639 1929 id

504 1972 661 2048 quod
697 1975 871 2041 caput
903 1968 987 2020 rei
1020 1973 1129 2030 est,
1156 1967 1391 2020 nomine
1418 1967 1645 2037 μυριάσι
1680 1954 1924 2041 uterque
1953 1970 2159 2027 utitur,
2239 1969 2468 2034 Cetera,
2506 1987 2635 2040 quae

502 2063 656 2135 apud
676 2061 1000 2133 Appianum
1039 2059 1335 2129 leguntur,
1407 2059 1479 2111 de
1520 2069 1854 2115 accusatore
1891 2060 2135 2134 quodam
2175 2065 2249 2126 (v,
2273 2062 2397 2115 Liv.
2441 2060 2509 2125 V,
2547 2066 2634 2124 32,

500 2151 792 2209 Plutarch.
847 2150 912 2206 C.
954 2153 1084 2218 12),
1146 2149 1217 2202 de
1254 2151 1497 2204 crimine
1552 2153 1748 2205 oblato
1787 2154 1885 2221 (de
1939 2173 2054 2226 quo
2088 2153 2436 2225 scriptorum
2474 2153 2621 2204 alius

504 2246 734 2312 aliter),
799 2241 870 2295 de
917 2239 1128 2317 populo
1167 2241 1603 2312 indignabundo
1650 2244 1833 2311 (Plut.
1877 2252 1939 2299 11
1962 2285 1980 2308 ‚
2038 2251 2150 2312 12),
2189 2246 2260 2298 de
2298 2245 2408 2298 filii
2447 2251 2630 2317 morte
2659 2243 2672 2253 “

502 2338 659 2406 (Liv.
700 2336 774 2399 V,
811 2339 918 2406 22,
976 2333 1127 2387 Plut.
1171 2338 1284 2398 11),
1337 2334 1408 2387 de
1467 2335 1737 2407 precibus
1775 2336 2057 2393 Achilleis
2098 2339 2278 2403 (Plut.
2321 2346 2453 2405 13),
2507 2337 2631 2390 hoee

503 2429 725 2490 omnia,
761 2443 937 2497 quum
979 2425 1243 2497 Dionysii
1284 2425 1448 2479 locus
1491 2426 1682 2492 (XIII,
1718 2434 1776 2490 5)
1815 2429 2048 2484 defectu
2087 2439 2146 2484 et
2182 2430 2506 2503 corruptela
2542 2429 2630 2482 la-

500 2524 671 2577 boret
708 2516 849 2585 (vid.
878 2517 949 2569 de
988 2517 1289 2582 tribunis),
1328 2518 1479 2574 nihil
1508 2527 1665 2573 certe
1703 2519 2109 2594 discrepantiae
2131 2523 2395 2596 probant.
2459 2503 2628 2588 ‘Quin

499 2616 631 2687 ipso
669 2611 851 2664 altero
886 2609 1021 2663 loco
1061 2607 1231 2677 (xlll
1250 2651 1263 2675 ,
1302 2615 1397 2676 6),
1444 2611 1547 2664 ubi
1586 2630 1785 2684 preces
1820 2615 2052 2668 Camilli
2092 2621 2628 2676 commemorantur,

500 2713 561 2764 et
597 2703 839 2758 crimina
877 2700 929 2753 ei
960 2701 1121 2754 illata
1158 2710 1216 2755 et
1248 2705 1285 2755 a'
1324 2703 1541 2773 populo
1589 2719 1719 2756 eum
1753 2705 2082 2759 damnatum
2119 2724 2261 2769 esse,
2299 2707 2474 2759 elaris
2507 2725 2628 2760 ver·

496 2797 590 2850 his
626 2794 935 2846 indicatur.
998 2792 1174 2858 Quod
1205 2810 1340 2846 vero
1378 2794 1452 2846 de
1487 2795 1740 2858 Achille,
1778 2799 1932 2850 sieut
1971 2797 2338 2858 Plutarchus,
2377 2800 2460 2851 ita
2498 2802 2628 2868 Ap-

494 2889 703 2961 pianus
744 2883 1093 2937 mentionem
1130 2884 1301 2949 feeit,
1336 2902 1408 2937 ne
1445 2885 1596 2939 illud
1632 2887 1864 2959 quidem
1899 2907 1932 2942 a
1967 2888 2241 2960 Dionysio
2278 2889 2625 2960 praetermis-

500 2997 627 3034 sum
663 2994 790 3044 esse
826 2974 1105 3038 dixerim,
1142 2985 1279 3049 post
1303 2977 1455 3030 enim
1493 2977 1688 3032 finitas
1717 2998 1918 3051 preces
1955 2980 2195 3033 alterum
2231 2980 2500 3052 Dionysii
2536 2978 2624 3032 lo·

498 3091 630 3126 eum
662 3070 969 3141 abruptum
1007 3067 1222 3124 videas.

636 3268 765 3342 Lib.
809 3265 1118 3329 Samnitis.
1167 3265 1263 3326 Ν.
1352 3265 1726 3346 Excerptum
1771 3267 1856 3330 111
1900 3269 1978 3328 de
2019 3267 2478 3350 Legationibus.

659 3404 749 3457 Ex
784 3399 1053 3472 Dionysii
1087 3398 1227 3452 libri
1264 3399 1377 3452 XV
1439 3401 1778 3472 fragmentis
1814 3410 1874 3457 et
1909 3402 2022 3458 hoc
2059 3403 2307 3474 Appiani
2348 3415 2617 3477 excerpto

490 3504 743 3570 apparet,
781 3493 1007 3547 Livium
1046 3493 1107 3548 in
1138 3493 1295 3549 hello
1315 3493 1635 3549 Samnitico
1674 3495 1827 3548 etin
1864 3495 1958 3558 iis,
1995 3512 2126 3566 quai
2162 3503 2623 3563 antecesserunt,

487 3587 840 3658 exponendis
901 3602 1103 3654 parum
1160 3583 1493 3639 accuratum
1546 3585 1765 3649 fuisse·
1827 3601 2076 3657 namque
2123 3587 2195 3640 de
2240 3589 2504 3658 Fregella
2559 3597 2619 3644 et

485 3678 761 3744 Luceria,
821 3676 884 3729 in
921 3676 1135 3748 quihus
1172 3683 1345 3748 caput
1384 3675 1469 3729 rei
1505 3683 1809 3738 versatur,
1849 3678 2037 3731 omnia
2075 3678 2221 3731 mire
2257 3680 2619 3750 perturbavit

487 3778 549 3825 et
598 3768 671 3821 de
702 3766 859 3818 hello
897 3767 1091 3836 Apulo
1138 3765 1458 3821 obscurius
1483 3766 1764 3839 loquitur
1860 3766 1977 3820 Sed
2027 3766 2102 3819 de
2138 3767 2232 3822 his
2269 3772 2444 3826 rebus
2501 3788 2622 3825 non

480 3862 585 3916 hic
623 3862 794 3913 locus
837 3858 1070 3911 dicendi
1107 3866 1213 3911 est.
1288 3857 1528 3911 Cladem
1562 3866 1755 3911 autem
1797 3855 2121 3912 Caudinam
2157 3867 2334 3931 atque
2370 3881 2455 3925 ea,
2495 3852 2620 3935 «sun

480 3952 835 4024 praeeedunt,
870 3950 1070 4020 paucis
1107 3949 1400 4020 attingam.
1478 3950 1624 4016 Qum
1660 3949 1732 4002 de
1769 3947 1861 4001 his
1900 3948 1973 4003 ab
1997 3952 2268 4023 Appiano
2290 3962 2625 4021 narrantum,

483 4059 548 4094 ea
578 4042 827 4094 Ursinus
868 4031 1042 4110 putat
1083 4042 1155 4093 ab
1204 4040 1367 4093 Livio
1420 4057 1547 4093 esse
1595 4048 1821 4115 sumpta
1873 4050 1973 4096 aut
2025 4042 2230 4096 saltem
2287 4060 2356 4096 ex
2399 4047 2622 4107 eodem,

484 4145 597 4202 quo
638 4130 839 4182 Livius
875 4148 1016 4184 usus
1055 4139 1227 4192 esset,
1265 4132 1430 4185 fonte
1448 4130 1670 4190 hausta
1741 4133 2072 4189 Dissentire
2099 4139 2286 4187 umen
2312 4137 2618 4207 paululum
