2832 4693
579 286 678 358 56
756 348 761 353 .

466 493 618 570 bet3
682 485 1111 553 Coriolanum
1173 494 1287 545 aut
1328 480 1584 545 invidia
1619 479 2162 563 oppressum'aut
2207 475 2412 538 senio-³
2439 493 2596 535 con·

465 611 710 675 fectum
771 605 1024 690 perisse
1071 600 1288 665 tradit.
1411 597 1653 661 Zonar.
1699 591 1881 686 (VII,
1927 596 2073 670 16),
2152 593 2264 677 qui
2308 582 2596 655 Dionem

467 726 785 809 sequitur,
829 723 911 783 de
955 716 1099 782 sola
1145 727 1482 779 senectute
1528 713 1929 777 mentionem
1965 711 2145 778 fecit.
2244 706 2383 770 cfr.
2433 727 2596 791 prae-

466 855 650 905 terea
695 837 1008 915 TzetzeS‚
1054 832 1340 896 Chiliad.
1388 830 1528 908 vl,
1588 814 1888 894 Reimars
1922 827 2029 904 Π,
2090 851 2150 914 p.
2200 827 2420 907 1526).
2518 821 2596 885 In

468 955 877 1021 orationibus
922 955 1204 1037 denique
1251 946 1441 1033 nulli,
1480 948 1610 1010 nisi
1654 945 1930 1029 Dionys,
1975 958 2041 1008 et
2071 945 2379 1028 Appiam,
2425 943 2598 1005 inter

471 1096 543 1137 se
587 1073 861 1137 similes.
1961 1145 1966 1148 ἤ
2583 1120 2592 1127 .

478 1233 493 1242 ·
604 1192 706 1254 VI.
744 1262 749 1265 .
793 1189 1014 1254 Suidas
1058 1218 1140 1233 -
1182 1170 1717 1250 ΕΛΕΕῙΝΟΣ
1753 1188 1818 1244 et
1862 1160 2475 1245 ΛΠΟΦΡΑΔΕΣ

1310 1297 1740 1364 ΗΜΕΡΑῙ.
2481 1314 2486 1319 ·

645 1418 878 1484 Caedes
922 1417 1279 1482 Fabiorum
1324 1414 1498 1498 apud
1544 1413 1918 1496 Appianum
1963 1422 2159 1472 antea
2209 1427 2606 1472 commemo-

473 1552 617 1602 rata
654 1539 812 1599 fuit.
936 1534 1129 1610 Quod
1177 1535 1259 1596 ad
1308 1532 1507 1612 hujus
1550 1530 2409 1614 fragmenti-argumentum
2456 1526 2607 1586 atti-

475 1668 609 1731 net,
657 1653 964 1735 Dionysii
1007 1651 1058 1717 l.
1103 1650 1242 1728 IX,
1304 1671 1361 1712 c.
1407 1650 1493 1710 23
1537 1661 1601 1709 et
1645 1666 1787 1730 quae
1833 1645 2238 1728 proecedunt,
2295 1645 2362 1703 in
2408 1661 2606 1703 usum

476 1773 821 1836 convertit.
938 1767 1135 1829 Diem
1197 1779 1414 1827 autem
1468 1734 1965 1823 Cremerensem
2011 1761 2355 1840 Appianas
2419 1749 2603 1820 α’πο-

475 1879 702 1975 φροέδα
774 1883 1008 1957 modo,
1085 1880 1453 1961 Dionysius
1516 1865 1850 1961 μέλαινάν
1913 1898 1990 1938 τε
2052 1872 2166 1938 καὶ
2230 1863 2605 1956 ἀποφράδα

476 2002 832 2091 significat.
877 1999 1114 2062 Livius
1159 1996 1286 2075 (11,
1326 1995 1442 2069 50)
1488 1994 1567 2055 de
1615 1992 1736 2055 hac
1779 2012 1852 2053 re
1889 2001 2082 2053 tacet.
2201 1988 2397 2063 Quod
2448 2010 2604 2052 vero

472 2123 835 2204 Dionysius
882 2130 1231 2199 utrumque
1278 2111 1552 2175 verbum
1600 2110 1980 2191 conjungit,
2044 2107 2155 2168 cfr.
2203 2103 2375 2168 Gell.
2409 2105 2493 2168 N.
2520 2108 2604 2169 Α.

476 2240 579 2319 V,
626 2241 730 2315 17,
774 2232 885 2297 ubi
952 2234 1033 2295 de
1081 2245 1369 2293 atrorum
1419 2240 1485 2288 et
1528 2223 1931 2288 nefastorum
1980 2223 2232 2286 dierum
2278 2236 2609 2307 permuta-

476 2359 656 2418 tione
704 2356 946 2435 agitur,
994 2368 1136 2433 quoe
1181 2350 1270 2407 im
1296 2342 1558 2406 Graecas
1617 2361 1878 2427 quoque
1918 2337 2442 2425 significationes
2487 2362 2610 2403 va-

476 2472 593 2536 let.
692 2453 1013 2531 Ceterum*
1047 2465 1127 2526 de
1174 2462 1276 2524 his
1322 2458 1555 2521 diebus
1599 2459 1712 2523 cfr.
1749 2455 2084 2524 Plutarch.
2116 2454 2379 2520 Camill.
2428 2479 2483 2521 c.
2527 2460 2612 2520 19
2654 2506 2662 2519 .

482 2604 549 2655 et
593 2586 811 2653 Tacit.
850 2584 937 2648 H.
983 2581 1072 2661 Il,
1112 2582 1222 2646 ol.
2159 2585 2162 2588 “

878 2703 1008 2765 vn.
1097 2701 1314 2766 Suidas
1363 2731 1432 2741 --
1480 2687 2210 2762 EGEAOKAKJZZ.

663 2821 767 2883 De
812 2819 1034 2901 Appio
1081 2814 1360 2877 Claudio
1406 2808 1562 2873 sab.
1609 2807 1814 2889 neg„
1869 2805 2119 2869 bellum
2170 2828 2231 2869 a.
2279 2828 2341 2867 u.
2388 2826 2442 2870 c.
2486 2791 2616 2867 ΕΒ

483 2960 634 3006 oum
694 2936 962 3002 Volscis
1030 2937 1340 3019 gerente,
1409 2927 1621 3010 deque
1688 2921 2008 3002 militibus
2068 2924 2216 3003 ejus
2276 2922 2615 2983 seditiosis

488 3059 555 3121 h.
600 3058 645 3120 l-.
695 3058 940 3120 mentio
987 3065 1110 3115 est.
1176 3084 1251 3096 -
1318 3048 1571 3108 Rursus
1614 3044 1876 3126 insigne
1921 3042 2378 3103 documentum
2426 3036 2618 3101 uobis

490 3176 787 3249 offertur,
834 3192 963 3255 qua
1007 3164 1404 3253 compilandi
1449 3164 1703 3226 ratione
1748 3158 2094 3240 Appianus
2139 3176 2298 3218 usus
2348 3157 2456 3231 sit,
2508 3156 2617 3239 qui

490 3288 695 3355 verba
740 3286 1276 3365 sententiasque,
1341 3299 1483 3362 quae
1526 3275 1885 3356 Dionysius
1930 3271 2064 3335 alio
2108 3271 2256 3336 loco
2301 3275 2367 3335 in
2415 3270 2618 3333 simili

489 3430 562 3471 re
609 3404 932 3478 adhibuit,
978 3396 1164 3460 illinc
1203 3395 1330 3458 huc
1376 3365 1871 3457 traductassuae
1917 3390 2276 3454 narrationi
2321 3391 2614 3451 inserue-

493 3527 598 3590 rit.
699 3524 801 3584 Ex
853 3522 937 3582 iis
983 3520 1199 3594 enim,
1258 3533 1399 3598 quoe
1446 3510 1614 3594 apud
1663 3507 1939 3590 Dionys.
1982 3505 2130 3576 IX,
2189 3508 2276 3570 5⁰
2320 3508 2406 3587 (a.
2451 3527 2513 3566 u.
2559 3527 2612 3568 c..

493 3641 649 3714 fi)
695 3638 775 3698 de
811 3632 1132 3697 militibus
1165 3631 1365 3715 Appii
1407 3626 1756 3710 imperium
1788 3622 2245 3687 recusantibus
2270 3622 2616 3707 leguntur:

493 3750 541 3841 ἦ
588 3745 884 3838 δύναμις
927 3778 1008 3801 -·-
1051 3748 1239 3834 μίσει
1284 3741 1374 3833 τῷ
1420 3737 1583 3828 τρός
1628 3734 1842 3808 αὐτόν
1885 3741 2036 3813 (cfr.
2080 3738 2241 3807 ibid.
2286 3760 2340 3803 c.
2374 3741 2488 3814 48)
2535 3739 2617 3787 -'—

501 3867 1007 3941 ἐθελοκακοῦσα
1026 3901 1109 3914 -
1127 3857 1252 3932 οὐκ
1270 3856 1510 3949 ἠξίωσε
1528 3885 1590 3926 τ.
1614 3856 1974 3941 πολεμίοις
1993 3861 2089 3930 ἐις
2103 3868 2329 3942 χεῖρας
2348 3857 2522 3922 ἰέναι
2545 3893 2612 3902 -

499 3996 810 4079 ἔφευγον·
858 3985 972 4077 (τῇ
1014 3984 1085 4052 δὲ
1111 3973 1403 4051 κατόπιν
1445 3971 1733 4063 ἡμέρωι
1777 3966 2107 4063 α’πειθείᾳ
2152 3973 2507 4061 διεχρῶντο
2541 4011 2619 4022 --

500 4098 962 4190 κατεδήσαντο
1007 4141 1090 4152 -
1132 4095 1295 4175 τούς
1337 4096 1613 4188 χρῶτας,
1664 4087 1754 4168 οἷς
1796 4090 2211 4182 τραυματίαι
2254 4126 2330 4141 —-
2358 4113 2446 4155 ex
2493 4091 2619 4171 his,
