<?xml version="1.0" encoding="UTF-8"?>
<!DOCTYPE html PUBLIC "-//W3C//DTD XHTML 1.0 Transitional//EN"
    "http://www.w3.org/TR/xhtml1/DTD/xhtml1-transitional.dtd">
<html xmlns="http://www.w3.org/1999/xhtml" xml:lang="en" lang="en">
 <head>
  <title>
</title>
<meta http-equiv="Content-Type" content="text/html;charset=utf-8" />
  <meta name='ocr-system' content='tesseract 3.04.00' />
  <meta name='ocr-capabilities' content='ocr_page ocr_carea ocr_par ocr_line ocrx_word'/>
</head>
<body>
  <div class='ocr_page' id='page_1' title='image "./deexcerptisetfr00espegoog_0027.png"; bbox 0 0 2832 4693; ppageno 0'>
   <div class='ocr_carea' id='block_1_1' title="bbox 2111 328 2206 401">
    <p class='ocr_par' dir='ltr' id='par_1_1' title="bbox 2111 328 2206 401">
     <span class='ocr_line' id='line_1_1' title="bbox 2111 328 2206 401; baseline 0 0"><span class='ocrx_word' id='word_1_1' title='bbox 2111 328 2206 401; x_wconf 77' lang='lat' dir='ltr'><strong>ll</strong></span> 
     </span>
    </p>
   </div>
   <div class='ocr_carea' id='block_1_2' title="bbox 188 524 2436 4240">
    <p class='ocr_par' dir='ltr' id='par_1_2' title="bbox 188 524 2436 4240">
     <span class='ocr_line' id='line_1_2' title="bbox 204 524 2335 620; baseline -0.001 -18"><span class='ocrx_word' id='word_1_2' title='bbox 204 538 538 620; x_wconf 69' lang='lat' dir='ltr'><strong>farragine</strong></span> <span class='ocrx_word' id='word_1_3' title='bbox 568 546 1033 618; x_wconf 76' lang='lat' dir='ltr'><strong>excerptorum</strong></span> <span class='ocrx_word' id='word_1_4' title='bbox 1062 524 1261 613; x_wconf 76' lang='lat' dir='ltr'><strong>XVI,</strong></span> <span class='ocrx_word' id='word_1_5' title='bbox 1284 534 1454 596; x_wconf 84' lang='grc'><strong>4-8</strong></span> <span class='ocrx_word' id='word_1_6' title='bbox 1475 532 2038 619; x_wconf 73' lang='lat' dir='ltr'><strong>fragmentaduo,</strong></span> <span class='ocrx_word' id='word_1_7' title='bbox 2058 543 2335 619; x_wconf 66' lang='lat' dir='ltr'><strong>quoru—</strong></span> 
     </span>
     <span class='ocr_line' id='line_1_3' title="bbox 200 648 2334 737; baseline -0.001 -19"><span class='ocrx_word' id='word_1_8' title='bbox 200 654 484 719; x_wconf 68' lang='lat' dir='ltr'><strong>alternm</strong></span> <span class='ocrx_word' id='word_1_9' title='bbox 545 650 621 733; x_wconf 90' lang='grc'><strong>(1.</strong></span> <span class='ocrx_word' id='word_1_10' title='bbox 683 672 739 715; x_wconf 82' lang='lat' dir='ltr'><strong>c.</strong></span> <span class='ocrx_word' id='word_1_11' title='bbox 780 654 873 724; x_wconf 93' lang='grc'><strong>4,</strong></span> <span class='ocrx_word' id='word_1_12' title='bbox 936 648 1108 725; x_wconf 85' lang='lat' dir='ltr'><strong>init.)</strong></span> <span class='ocrx_word' id='word_1_13' title='bbox 1165 651 1248 713; x_wconf 91' lang='lat' dir='ltr'><strong>ad</strong></span> <span class='ocrx_word' id='word_1_14' title='bbox 1293 650 1626 716; x_wconf 82' lang='lat' dir='ltr'><strong>Romanos</strong></span> <span class='ocrx_word' id='word_1_15' title='bbox 1683 650 2128 737; x_wconf 72' lang='lat' dir='ltr'><strong>supplicantes</strong></span> <span class='ocrx_word' id='word_1_16' title='bbox 2189 653 2334 735; x_wconf 77' lang='lat' dir='ltr'><strong>(cfr.</strong></span> 
     </span>
     <span class='ocr_line' id='line_1_4' title="bbox 204 767 2336 857; baseline -0 -21"><span class='ocrx_word' id='word_1_17' title='bbox 204 772 493 857; x_wconf 75' lang='lat' dir='ltr'><strong>Appian.</strong></span> <span class='ocrx_word' id='word_1_18' title='bbox 539 768 587 833; x_wconf 91' lang='lat' dir='ltr'><strong>l.</strong></span> <span class='ocrx_word' id='word_1_19' title='bbox 632 791 686 832; x_wconf 88' lang='lat' dir='ltr'><strong>c.</strong></span> <span class='ocrx_word' id='word_1_20' title='bbox 734 767 874 846; x_wconf 76' lang='lat' dir='ltr'><strong>lv,</strong></span> <span class='ocrx_word' id='word_1_21' title='bbox 938 769 1048 845; x_wconf 73' lang='lat'><strong>2);</strong></span> <span class='ocrx_word' id='word_1_22' title='bbox 1091 767 1370 832; x_wconf 81' lang='lat' dir='ltr'><strong>alterum</strong></span> <span class='ocrx_word' id='word_1_23' title='bbox 1434 767 1510 849; x_wconf 89' lang='lat' dir='ltr'><strong>(l.</strong></span> <span class='ocrx_word' id='word_1_24' title='bbox 1555 791 1610 831; x_wconf 90' lang='lat' dir='ltr'><strong>c.</strong></span> <span class='ocrx_word' id='word_1_25' title='bbox 1658 772 1705 831; x_wconf 94' lang='grc'><strong>4</strong></span> <span class='ocrx_word' id='word_1_26' title='bbox 1757 784 1822 833; x_wconf 87' lang='lat' dir='ltr'><strong>et</strong></span> <span class='ocrx_word' id='word_1_27' title='bbox 1863 773 1929 853; x_wconf 72' lang='lat'><strong>5)</strong></span> <span class='ocrx_word' id='word_1_28' title='bbox 1988 772 2068 834; x_wconf 89' lang='lat' dir='ltr'><strong>ad</strong></span> <span class='ocrx_word' id='word_1_29' title='bbox 2114 771 2336 835; x_wconf 70' lang='lat' dir='ltr'><strong>Ponat</strong></span> 
     </span>
     <span class='ocr_line' id='line_1_5' title="bbox 203 885 2334 972; baseline -0.001 -20"><span class='ocrx_word' id='word_1_30' title='bbox 203 886 330 952; x_wconf 82' lang='lat' dir='ltr'><strong>filii</strong></span> <span class='ocrx_word' id='word_1_31' title='bbox 378 889 740 952; x_wconf 81' lang='lat' dir='ltr'><strong>orationem</strong></span> <span class='ocrx_word' id='word_1_32' title='bbox 789 888 1072 971; x_wconf 78' lang='lat' dir='ltr'><strong>pertinet</strong></span> <span class='ocrx_word' id='word_1_33' title='bbox 1143 898 1392 971; x_wconf 80' lang='lat' dir='ltr'><strong>patrem</strong></span> <span class='ocrx_word' id='word_1_34' title='bbox 1442 885 1816 949; x_wconf 78' lang='lat' dir='ltr'><strong>refellentis</strong></span> <span class='ocrx_word' id='word_1_35' title='bbox 1855 888 2168 972; x_wconf 85' lang='lat' dir='ltr'><strong>(Appiau.</strong></span> <span class='ocrx_word' id='word_1_36' title='bbox 2212 885 2334 963; x_wconf 84' lang='lat' dir='ltr'><strong>lv,</strong></span> 
     </span>
     <span class='ocr_line' id='line_1_6' title="bbox 201 1001 2338 1088; baseline 0 -21"><span class='ocrx_word' id='word_1_37' title='bbox 201 1006 299 1086; x_wconf 92' lang='grc'><strong>4).</strong></span> <span class='ocrx_word' id='word_1_38' title='bbox 391 1002 654 1080; x_wconf 73' lang='lat' dir='ltr'><strong>Quibus</strong></span> <span class='ocrx_word' id='word_1_39' title='bbox 697 1005 868 1067; x_wconf 87' lang='lat' dir='ltr'><strong>inter</strong></span> <span class='ocrx_word' id='word_1_40' title='bbox 912 1024 985 1065; x_wconf 87' lang='lat' dir='ltr'><strong>se</strong></span> <span class='ocrx_word' id='word_1_41' title='bbox 1029 1001 1313 1081; x_wconf 85' lang='lat' dir='ltr'><strong>collatis,</strong></span> <span class='ocrx_word' id='word_1_42' title='bbox 1380 1002 1543 1067; x_wconf 89' lang='lat' dir='ltr'><strong>illud</strong></span> <span class='ocrx_word' id='word_1_43' title='bbox 1592 1004 1851 1088; x_wconf 88' lang='lat' dir='ltr'><strong>quidem</strong></span> <span class='ocrx_word' id='word_1_44' title='bbox 1896 1003 2180 1067; x_wconf 85' lang='lat' dir='ltr'><strong>dubitari</strong></span> <span class='ocrx_word' id='word_1_45' title='bbox 2225 1023 2338 1067; x_wconf 75' lang='lat' dir='ltr'><strong>ne·</strong></span> 
     </span>
     <span class='ocr_line' id='line_1_7' title="bbox 205 1119 2336 1207; baseline 0 -23"><span class='ocrx_word' id='word_1_46' title='bbox 205 1125 386 1207; x_wconf 72' lang='lat' dir='ltr'><strong>quit,</strong></span> <span class='ocrx_word' id='word_1_47' title='bbox 452 1123 609 1205; x_wconf 88' lang='lat' dir='ltr'><strong>quin</strong></span> <span class='ocrx_word' id='word_1_48' title='bbox 655 1124 721 1183; x_wconf 89' lang='lat' dir='ltr'><strong>in</strong></span> <span class='ocrx_word' id='word_1_49' title='bbox 781 1120 885 1183; x_wconf 81' lang='lat' dir='ltr'><strong>his</strong></span> <span class='ocrx_word' id='word_1_50' title='bbox 958 1141 1216 1203; x_wconf 76' lang='lat' dir='ltr'><strong>quoque</strong></span> <span class='ocrx_word' id='word_1_51' title='bbox 1280 1119 1479 1183; x_wconf 85' lang='lat' dir='ltr'><strong>rebus</strong></span> <span class='ocrx_word' id='word_1_52' title='bbox 1539 1120 1888 1205; x_wconf 76' lang='lat' dir='ltr'><strong>Appianas</strong></span> <span class='ocrx_word' id='word_1_53' title='bbox 1944 1122 2336 1205; x_wconf 82' lang='lat' dir='ltr'><strong>Dionysium</strong></span> 
     </span>
     <span class='ocr_line' id='line_1_8' title="bbox 198 1220 2336 1322; baseline 0 -20"><span class='ocrx_word' id='word_1_54' title='bbox 198 1237 689 1322; x_wconf 70' lang='lat' dir='ltr'>compilaverit,</span> <span class='ocrx_word' id='word_1_55' title='bbox 722 1220 846 1299; x_wconf 52' lang='lat' dir='ltr'><strong>¹sed</strong></span> <span class='ocrx_word' id='word_1_56' title='bbox 894 1233 1041 1305; x_wconf 81' lang='lat' dir='ltr'><strong>fieri</strong></span> <span class='ocrx_word' id='word_1_57' title='bbox 1086 1239 1324 1320; x_wconf 70' lang='lat' dir='ltr'><strong>potuit,</strong></span> <span class='ocrx_word' id='word_1_58' title='bbox 1370 1252 1463 1315; x_wconf 84' lang='lat' dir='ltr'><strong>ut,</strong></span> <span class='ocrx_word' id='word_1_59' title='bbox 1510 1258 1650 1322; x_wconf 70' lang='lat' dir='ltr'><strong>qim</strong></span> <span class='ocrx_word' id='word_1_60' title='bbox 1696 1239 1804 1302; x_wconf 87' lang='lat' dir='ltr'><strong>hic</strong></span> <span class='ocrx_word' id='word_1_61' title='bbox 1834 1237 2031 1303; x_wconf 89' lang='lat' dir='ltr'><strong>solita</strong></span> <span class='ocrx_word' id='word_1_62' title='bbox 2057 1239 2336 1302; x_wconf 75' lang='lat' dir='ltr'><strong>fortasse</strong></span> 
     </span>
     <span class='ocr_line' id='line_1_9' title="bbox 201 1338 2436 1440; baseline 0 -22"><span class='ocrx_word' id='word_1_63' title='bbox 201 1356 602 1440; x_wconf 70' lang='lat' dir='ltr'><strong>loquacitate</strong></span> <span class='ocrx_word' id='word_1_64' title='bbox 668 1377 783 1438; x_wconf 88' lang='lat' dir='ltr'><strong>per</strong></span> <span class='ocrx_word' id='word_1_65' title='bbox 842 1338 1079 1438; x_wconf 79' lang='lat' dir='ltr'><strong>longas</strong></span> <span class='ocrx_word' id='word_1_66' title='bbox 1137 1355 1471 1417; x_wconf 85' lang='lat' dir='ltr'><strong>orationes</strong></span> <span class='ocrx_word' id='word_1_67' title='bbox 1531 1360 1910 1419; x_wconf 77' lang='lat' dir='ltr'><strong>sexcenties</strong></span> <span class='ocrx_word' id='word_1_68' title='bbox 1966 1358 2338 1440; x_wconf 78' lang='lat' dir='ltr'><strong>repetisset,</strong></span> <span class='ocrx_word' id='word_1_69' title='bbox 2433 1386 2436 1389; x_wconf 42' lang='grc'>“</span> 
     </span>
     <span class='ocr_line' id='line_1_10' title="bbox 196 1471 2339 1556; baseline -0 -21"><span class='ocrx_word' id='word_1_70' title='bbox 196 1495 278 1535; x_wconf 72' lang='lat' dir='ltr'><strong>ea</strong></span> <span class='ocrx_word' id='word_1_71' title='bbox 309 1472 655 1556; x_wconf 81' lang='lat' dir='ltr'><strong>Appianas</strong></span> <span class='ocrx_word' id='word_1_72' title='bbox 699 1473 864 1535; x_wconf 86' lang='lat' dir='ltr'><strong>adeo</strong></span> <span class='ocrx_word' id='word_1_73' title='bbox 890 1484 1242 1543; x_wconf 72' lang='lat' dir='ltr'><strong>resecaret,</strong></span> <span class='ocrx_word' id='word_1_74' title='bbox 1289 1483 1361 1533; x_wconf 86' lang='lat' dir='ltr'><strong>ut</strong></span> <span class='ocrx_word' id='word_1_75' title='bbox 1403 1472 1532 1533; x_wconf 89' lang='lat' dir='ltr'><strong>nisi</strong></span> <span class='ocrx_word' id='word_1_76' title='bbox 1577 1471 1655 1533; x_wconf 90' lang='lat' dir='ltr'><strong>ad</strong></span> <span class='ocrx_word' id='word_1_77' title='bbox 1704 1485 2041 1536; x_wconf 82' lang='lat' dir='ltr'><strong>extremas</strong></span> <span class='ocrx_word' id='word_1_78' title='bbox 2084 1472 2339 1535; x_wconf 74' lang='lat' dir='ltr'><strong>Heren-</strong></span> 
     </span>
     <span class='ocr_line' id='line_1_11' title="bbox 198 1585 2423 1652; baseline -0 -2"><span class='ocrx_word' id='word_1_79' title='bbox 198 1590 293 1651; x_wconf 83' lang='lat' dir='ltr'><strong>nii</strong></span> <span class='ocrx_word' id='word_1_80' title='bbox 361 1602 425 1650; x_wconf 85' lang='lat' dir='ltr'><strong>et</strong></span> <span class='ocrx_word' id='word_1_81' title='bbox 484 1585 607 1651; x_wconf 82' lang='lat' dir='ltr'><strong>filii</strong></span> <span class='ocrx_word' id='word_1_82' title='bbox 668 1587 1181 1651; x_wconf 75' lang='lat' dir='ltr'><strong>deliberationes</strong></span> <span class='ocrx_word' id='word_1_83' title='bbox 1243 1590 1534 1650; x_wconf 84' lang='lat' dir='ltr'><strong>animum</strong></span> <span class='ocrx_word' id='word_1_84' title='bbox 1595 1609 1721 1651; x_wconf 90' lang='lat' dir='ltr'><strong>non</strong></span> <span class='ocrx_word' id='word_1_85' title='bbox 1787 1590 2184 1652; x_wconf 78' lang='lat' dir='ltr'><strong>attenderet.</strong></span> <span class='ocrx_word' id='word_1_86' title='bbox 2246 1622 2332 1636; x_wconf 92' lang='lat'><strong>--</strong></span> <span class='ocrx_word' id='word_1_87' title='bbox 2418 1603 2423 1607; x_wconf 86' lang='grc'><strong>’</strong></span> 
     </span>
     <span class='ocr_line' id='line_1_12' title="bbox 198 1678 2418 1790; baseline -0 -22"><span class='ocrx_word' id='word_1_88' title='bbox 198 1706 581 1788; x_wconf 76' lang='lat' dir='ltr'><strong>Appianum</strong></span> <span class='ocrx_word' id='word_1_89' title='bbox 651 1725 1111 1788; x_wconf 77' lang='lat' dir='ltr'><strong>nonnunquam</strong></span> <span class='ocrx_word' id='word_1_90' title='bbox 1178 1706 1246 1766; x_wconf 87' lang='lat' dir='ltr'><strong>in</strong></span> <span class='ocrx_word' id='word_1_91' title='bbox 1316 1726 1392 1766; x_wconf 89' lang='lat' dir='ltr'><strong>ea</strong></span> <span class='ocrx_word' id='word_1_92' title='bbox 1440 1703 1731 1768; x_wconf 73' lang='lat' dir='ltr'><strong>historia!</strong></span> <span class='ocrx_word' id='word_1_93' title='bbox 1778 1721 1999 1790; x_wconf 84' lang='lat' dir='ltr'><strong>parte,</strong></span> <span class='ocrx_word' id='word_1_94' title='bbox 2068 1706 2149 1767; x_wconf 84' lang='lat' dir='ltr'><strong>de</strong></span> <span class='ocrx_word' id='word_1_95' title='bbox 2208 1727 2337 1790; x_wconf 80' lang='lat' dir='ltr'><strong>qun</strong></span> <span class='ocrx_word' id='word_1_96' title='bbox 2411 1678 2418 1681; x_wconf 20' lang='grc' dir='ltr'><strong>Α</strong></span> 
     </span>
     <span class='ocr_line' id='line_1_13' title="bbox 198 1819 2336 1907; baseline 0 -22"><span class='ocrx_word' id='word_1_97' title='bbox 198 1836 460 1907; x_wconf 82' lang='lat' dir='ltr'><strong>agetur,</strong></span> <span class='ocrx_word' id='word_1_98' title='bbox 506 1821 589 1885; x_wconf 83' lang='lat' dir='ltr'><strong>ab</strong></span> <span class='ocrx_word' id='word_1_99' title='bbox 636 1819 788 1884; x_wconf 81' lang='lat' dir='ltr'><strong>aliis</strong></span> <span class='ocrx_word' id='word_1_100' title='bbox 836 1837 1068 1905; x_wconf 63' lang='lat' dir='ltr'><strong>praeter</strong></span> <span class='ocrx_word' id='word_1_101' title='bbox 1106 1820 1497 1904; x_wconf 84' lang='lat' dir='ltr'><strong>Dionysium</strong></span> <span class='ocrx_word' id='word_1_102' title='bbox 1546 1822 1977 1905; x_wconf 74' lang='lat' dir='ltr'><strong>scriptoribus</strong></span> <span class='ocrx_word' id='word_1_103' title='bbox 2021 1844 2221 1885; x_wconf 74' lang='lat' dir='ltr'><strong>unuin</strong></span> <span class='ocrx_word' id='word_1_104' title='bbox 2269 1835 2336 1885; x_wconf 82' lang='lat' dir='ltr'><strong>et</strong></span> 
     </span>
     <span class='ocr_line' id='line_1_14' title="bbox 194 1937 2334 2022; baseline 0 -21"><span class='ocrx_word' id='word_1_105' title='bbox 194 1937 478 2001; x_wconf 83' lang='lat' dir='ltr'><strong>alterum</strong></span> <span class='ocrx_word' id='word_1_106' title='bbox 512 1940 896 2020; x_wconf 74' lang='lat' dir='ltr'><strong>sumpsisse,</strong></span> <span class='ocrx_word' id='word_1_107' title='bbox 928 1943 1065 2020; x_wconf 83' lang='lat' dir='ltr'><strong>jam</strong></span> <span class='ocrx_word' id='word_1_108' title='bbox 1106 1959 1301 2021; x_wconf 83' lang='lat' dir='ltr'><strong>supra</strong></span> <span class='ocrx_word' id='word_1_109' title='bbox 1330 1938 1788 2000; x_wconf 85' lang='lat' dir='ltr'><strong>indicavimus.</strong></span> <span class='ocrx_word' id='word_1_110' title='bbox 1873 1938 2019 2000; x_wconf 86' lang='lat' dir='ltr'><strong>Hoc</strong></span> <span class='ocrx_word' id='word_1_111' title='bbox 2052 1942 2334 2022; x_wconf 84' lang='lat' dir='ltr'><strong>primum</strong></span> 
     </span>
     <span class='ocr_line' id='line_1_15' title="bbox 201 2051 2335 2138; baseline -0 -21"><span class='ocrx_word' id='word_1_112' title='bbox 201 2076 287 2117; x_wconf 75' lang='lat' dir='ltr'><strong>ex</strong></span> <span class='ocrx_word' id='word_1_113' title='bbox 332 2058 480 2136; x_wconf 85' lang='lat' dir='ltr'><strong>ipsa</strong></span> <span class='ocrx_word' id='word_1_114' title='bbox 526 2073 744 2115; x_wconf 78' lang='lat' dir='ltr'><strong>reruni</strong></span> <span class='ocrx_word' id='word_1_115' title='bbox 791 2051 1230 2137; x_wconf 79' lang='lat' dir='ltr'><strong>discrepantia</strong></span> <span class='ocrx_word' id='word_1_116' title='bbox 1275 2052 1696 2135; x_wconf 81' lang='lat' dir='ltr'><strong>intelligitur.</strong></span> <span class='ocrx_word' id='word_1_117' title='bbox 1789 2053 1940 2117; x_wconf 85' lang='lat' dir='ltr'><strong>Huc</strong></span> <span class='ocrx_word' id='word_1_118' title='bbox 1983 2057 2335 2138; x_wconf 79' lang='lat' dir='ltr'><strong>pertinent,</strong></span> 
     </span>
     <span class='ocr_line' id='line_1_16' title="bbox 192 2168 2332 2256; baseline -0 -22"><span class='ocrx_word' id='word_1_119' title='bbox 192 2193 340 2256; x_wconf 68' lang='lat' dir='ltr'><strong>qnae</strong></span> <span class='ocrx_word' id='word_1_120' title='bbox 384 2173 451 2233; x_wconf 91' lang='lat' dir='ltr'><strong>in</strong></span> <span class='ocrx_word' id='word_1_121' title='bbox 501 2191 728 2253; x_wconf 82' lang='lat' dir='ltr'><strong>regum</strong></span> <span class='ocrx_word' id='word_1_122' title='bbox 777 2169 1054 2234; x_wconf 84' lang='lat' dir='ltr'><strong>historia</strong></span> <span class='ocrx_word' id='word_1_123' title='bbox 1098 2171 1180 2233; x_wconf 91' lang='lat' dir='ltr'><strong>de</strong></span> <span class='ocrx_word' id='word_1_124' title='bbox 1203 2168 1591 2233; x_wconf 86' lang='lat' dir='ltr'><strong>Latinorum</strong></span> <span class='ocrx_word' id='word_1_125' title='bbox 1631 2174 1895 2235; x_wconf 87' lang='lat' dir='ltr'><strong>nomine</strong></span> <span class='ocrx_word' id='word_1_126' title='bbox 1938 2172 2114 2234; x_wconf 85' lang='lat' dir='ltr'><strong>dicta</strong></span> <span class='ocrx_word' id='word_1_127' title='bbox 2154 2183 2332 2247; x_wconf 85' lang='lat' dir='ltr'><strong>sunt,</strong></span> 
     </span>
     <span class='ocr_line' id='line_1_17' title="bbox 194 2284 2329 2374; baseline -0.001 -21"><span class='ocrx_word' id='word_1_128' title='bbox 194 2287 278 2353; x_wconf 86' lang='lat' dir='ltr'><strong>de</strong></span> <span class='ocrx_word' id='word_1_129' title='bbox 322 2290 496 2352; x_wconf 81' lang='lat' dir='ltr'><strong>serie</strong></span> <span class='ocrx_word' id='word_1_130' title='bbox 543 2310 770 2374; x_wconf 83' lang='lat' dir='ltr'><strong>regum</strong></span> <span class='ocrx_word' id='word_1_131' title='bbox 819 2284 1268 2367; x_wconf 83' lang='lat' dir='ltr'><strong>Albanorum,</strong></span> <span class='ocrx_word' id='word_1_132' title='bbox 1313 2290 1393 2352; x_wconf 86' lang='lat' dir='ltr'><strong>de</strong></span> <span class='ocrx_word' id='word_1_133' title='bbox 1440 2287 1724 2355; x_wconf 89' lang='lat' dir='ltr'><strong>Romulo</strong></span> <span class='ocrx_word' id='word_1_134' title='bbox 1771 2288 2027 2366; x_wconf 78' lang='lat' dir='ltr'><strong>silvio,</strong></span> <span class='ocrx_word' id='word_1_135' title='bbox 2071 2289 2152 2351; x_wconf 87' lang='lat' dir='ltr'><strong>de</strong></span> <span class='ocrx_word' id='word_1_136' title='bbox 2199 2286 2329 2352; x_wconf 84' lang='lat' dir='ltr'><strong>Sil-</strong></span> 
     </span>
     <span class='ocr_line' id='line_1_18' title="bbox 196 2406 2333 2491; baseline 0 -21"><span class='ocrx_word' id='word_1_137' title='bbox 196 2411 453 2470; x_wconf 81' lang='lat' dir='ltr'><strong>viorum</strong></span> <span class='ocrx_word' id='word_1_138' title='bbox 503 2409 928 2491; x_wconf 79' lang='lat' dir='ltr'><strong>cognomine,</strong></span> <span class='ocrx_word' id='word_1_139' title='bbox 996 2407 1078 2469; x_wconf 86' lang='lat' dir='ltr'><strong>de</strong></span> <span class='ocrx_word' id='word_1_140' title='bbox 1122 2406 1279 2470; x_wconf 70' lang='lat' dir='ltr'><strong>Reae</strong></span> <span class='ocrx_word' id='word_1_141' title='bbox 1324 2406 1555 2470; x_wconf 69' lang='lat' dir='ltr'><strong>Silviae</strong></span> <span class='ocrx_word' id='word_1_142' title='bbox 1602 2410 1906 2485; x_wconf 83' lang='lat' dir='ltr'><strong>nomine,</strong></span> <span class='ocrx_word' id='word_1_143' title='bbox 1969 2409 2140 2469; x_wconf 89' lang='lat' dir='ltr'><strong>sicut</strong></span> <span class='ocrx_word' id='word_1_144' title='bbox 2203 2407 2333 2471; x_wconf 76' lang='lat' dir='ltr'><strong>La·</strong></span> 
     </span>
     <span class='ocr_line' id='line_1_19' title="bbox 194 2520 2331 2606; baseline 0 -21"><span class='ocrx_word' id='word_1_145' title='bbox 194 2526 439 2600; x_wconf 61' lang='lat' dir='ltr'><strong>viniac,</strong></span> <span class='ocrx_word' id='word_1_146' title='bbox 482 2524 931 2606; x_wconf 81' lang='lat' dir='ltr'><strong>discrepante,</strong></span> <span class='ocrx_word' id='word_1_147' title='bbox 976 2524 1058 2584; x_wconf 88' lang='lat' dir='ltr'><strong>de</strong></span> <span class='ocrx_word' id='word_1_148' title='bbox 1104 2524 1244 2584; x_wconf 91' lang='lat' dir='ltr'><strong>miti</strong></span> <span class='ocrx_word' id='word_1_149' title='bbox 1290 2521 1554 2584; x_wconf 84' lang='lat' dir='ltr'><strong>Romuli</strong></span> <span class='ocrx_word' id='word_1_150' title='bbox 1601 2525 1914 2605; x_wconf 88' lang='lat' dir='ltr'><strong>imperio,</strong></span> <span class='ocrx_word' id='word_1_151' title='bbox 1963 2523 2043 2584; x_wconf 91' lang='lat' dir='ltr'><strong>de</strong></span> <span class='ocrx_word' id='word_1_152' title='bbox 2101 2520 2331 2585; x_wconf 77' lang='lat' dir='ltr'><strong>morbo</strong></span> 
     </span>
     <span class='ocr_line' id='line_1_20' title="bbox 199 2634 2330 2722; baseline -0.003 -18"><span class='ocrx_word' id='word_1_153' title='bbox 199 2639 399 2713; x_wconf 84' lang='lat' dir='ltr'><strong>Anci,</strong></span> <span class='ocrx_word' id='word_1_154' title='bbox 447 2659 640 2722; x_wconf 91' lang='lat' dir='ltr'><strong>porro</strong></span> <span class='ocrx_word' id='word_1_155' title='bbox 686 2638 765 2699; x_wconf 90' lang='lat' dir='ltr'><strong>de</strong></span> <span class='ocrx_word' id='word_1_156' title='bbox 811 2634 963 2699; x_wconf 87' lang='lat' dir='ltr'><strong>aliis</strong></span> <span class='ocrx_word' id='word_1_157' title='bbox 1008 2639 1261 2719; x_wconf 84' lang='lat' dir='ltr'><strong>paucis,</strong></span> <span class='ocrx_word' id='word_1_158' title='bbox 1308 2657 1450 2720; x_wconf 80' lang='lat' dir='ltr'><strong>qnae</strong></span> <span class='ocrx_word' id='word_1_159' title='bbox 1497 2636 1644 2719; x_wconf 84' lang='lat' dir='ltr'><strong>plus</strong></span> <span class='ocrx_word' id='word_1_160' title='bbox 1689 2639 1992 2700; x_wconf 85' lang='lat' dir='ltr'><strong>minusve</strong></span> <span class='ocrx_word' id='word_1_161' title='bbox 2037 2635 2123 2698; x_wconf 92' lang='lat' dir='ltr'><strong>ab</strong></span> <span class='ocrx_word' id='word_1_162' title='bbox 2166 2635 2330 2698; x_wconf 88' lang='lat' dir='ltr'><strong>Dio-</strong></span> 
     </span>
     <span class='ocr_line' id='line_1_21' title="bbox 194 2751 2333 2840; baseline -0.002 -20"><span class='ocrx_word' id='word_1_163' title='bbox 194 2758 383 2840; x_wconf 80' lang='lat' dir='ltr'><strong>nysio</strong></span> <span class='ocrx_word' id='word_1_164' title='bbox 428 2756 789 2819; x_wconf 84' lang='lat' dir='ltr'><strong>discedunt.</strong></span> <span class='ocrx_word' id='word_1_165' title='bbox 906 2754 1247 2820; x_wconf 83' lang='lat' dir='ltr'><strong>Samnitic.</strong></span> <span class='ocrx_word' id='word_1_166' title='bbox 1294 2753 1394 2829; x_wconf 77' lang='lat' dir='ltr'><strong>X,</strong></span> <span class='ocrx_word' id='word_1_167' title='bbox 1437 2754 1485 2815; x_wconf 75' lang='lat'><strong>5</strong></span> <span class='ocrx_word' id='word_1_168' title='bbox 1525 2753 1606 2816; x_wconf 87' lang='lat' dir='ltr'><strong>de</strong></span> <span class='ocrx_word' id='word_1_169' title='bbox 1651 2754 1933 2837; x_wconf 83' lang='lat' dir='ltr'><strong>captivis</strong></span> <span class='ocrx_word' id='word_1_170' title='bbox 1996 2776 2035 2816; x_wconf 89' lang='lat' dir='ltr'><strong>a</strong></span> <span class='ocrx_word' id='word_1_171' title='bbox 2080 2751 2333 2835; x_wconf 77' lang='lat' dir='ltr'><strong>Pyrrho</strong></span> 
     </span>
     <span class='ocr_line' id='line_1_22' title="bbox 189 2868 2333 2957; baseline -0.001 -21"><span class='ocrx_word' id='word_1_172' title='bbox 189 2875 487 2936; x_wconf 79' lang='lat' dir='ltr'><strong>remissis</strong></span> <span class='ocrx_word' id='word_1_173' title='bbox 552 2872 897 2957; x_wconf 84' lang='lat' dir='ltr'><strong>Appianus</strong></span> <span class='ocrx_word' id='word_1_174' title='bbox 958 2870 1044 2935; x_wconf 82' lang='lat' dir='ltr'><strong>ab</strong></span> <span class='ocrx_word' id='word_1_175' title='bbox 1106 2871 1435 2953; x_wconf 82' lang='lat' dir='ltr'><strong>Dionysio</strong></span> <span class='ocrx_word' id='word_1_176' title='bbox 1494 2871 1799 2935; x_wconf 87' lang='lat' dir='ltr'><strong>diversus</strong></span> <span class='ocrx_word' id='word_1_177' title='bbox 1857 2868 2155 2947; x_wconf 81' lang='lat' dir='ltr'><strong>(xvlll,</strong></span> <span class='ocrx_word' id='word_1_178' title='bbox 2220 2871 2333 2951; x_wconf 71' lang='lat'><strong>²7)</strong></span> 
     </span>
     <span class='ocr_line' id='line_1_23' title="bbox 197 2985 2337 3071; baseline -0.001 -19"><span class='ocrx_word' id='word_1_179' title='bbox 197 2989 344 3053; x_wconf 88' lang='lat' dir='ltr'><strong>solo</strong></span> <span class='ocrx_word' id='word_1_180' title='bbox 390 3010 535 3051; x_wconf 86' lang='lat' dir='ltr'><strong>cum</strong></span> <span class='ocrx_word' id='word_1_181' title='bbox 587 2986 935 3051; x_wconf 80' lang='lat' dir='ltr'><strong>Plutarcho</strong></span> <span class='ocrx_word' id='word_1_182' title='bbox 981 2989 1283 3071; x_wconf 82' lang='lat' dir='ltr'><strong>congruit</strong></span> <span class='ocrx_word' id='word_1_183' title='bbox 1327 2986 1580 3069; x_wconf 79' lang='lat' dir='ltr'><strong>(Pyrrh.</strong></span> <span class='ocrx_word' id='word_1_184' title='bbox 1623 2988 1756 3067; x_wconf 74' lang='lat'><strong>2⁰).</strong></span> <span class='ocrx_word' id='word_1_185' title='bbox 1859 2985 2149 3061; x_wconf 80' lang='lat' dir='ltr'><strong>Eadem,</strong></span> <span class='ocrx_word' id='word_1_186' title='bbox 2193 3006 2337 3069; x_wconf 68' lang='lat' dir='ltr'><strong>que</strong></span> 
     </span>
     <span class='ocr_line' id='line_1_24' title="bbox 195 3099 2335 3187; baseline -0.001 -17"><span class='ocrx_word' id='word_1_187' title='bbox 195 3105 604 3187; x_wconf 78' lang='lat' dir='ltr'><strong>Dionysius,</strong></span> <span class='ocrx_word' id='word_1_188' title='bbox 665 3103 918 3167; x_wconf 89' lang='lat' dir='ltr'><strong>Ennius</strong></span> <span class='ocrx_word' id='word_1_189' title='bbox 964 3103 1229 3167; x_wconf 77' lang='lat' dir='ltr'><strong>tradidit</strong></span> <span class='ocrx_word' id='word_1_190' title='bbox 1275 3100 1443 3181; x_wconf 88' lang='lat' dir='ltr'><strong>(Cic.</strong></span> <span class='ocrx_word' id='word_1_191' title='bbox 1494 3103 1556 3164; x_wconf 89' lang='lat' dir='ltr'><strong>d.</strong></span> <span class='ocrx_word' id='word_1_192' title='bbox 1602 3104 1719 3169; x_wconf 76' lang='lat' dir='ltr'><strong>off.</strong></span> <span class='ocrx_word' id='word_1_193' title='bbox 1765 3101 1834 3180; x_wconf 87' lang='grc' dir='ltr'><strong>Ι,</strong></span> <span class='ocrx_word' id='word_1_194' title='bbox 1890 3100 2038 3182; x_wconf 84' lang='grc'><strong>13),</strong></span> <span class='ocrx_word' id='word_1_195' title='bbox 2098 3099 2335 3167; x_wconf 76' lang='lat' dir='ltr'><strong>Livius</strong></span> 
     </span>
     <span class='ocr_line' id='line_1_25' title="bbox 194 3218 2332 3306; baseline -0.001 -19"><span class='ocrx_word' id='word_1_196' title='bbox 194 3223 371 3306; x_wconf 77' lang='lat' dir='ltr'><strong>Epic.</strong></span> <span class='ocrx_word' id='word_1_197' title='bbox 420 3218 617 3297; x_wconf 79' lang='lat' dir='ltr'><strong>xm,</strong></span> <span class='ocrx_word' id='word_1_198' title='bbox 663 3220 902 3283; x_wconf 82' lang='lat' dir='ltr'><strong>Florus</strong></span> <span class='ocrx_word' id='word_1_199' title='bbox 928 3219 982 3296; x_wconf 91' lang='lat' dir='ltr'><strong>l,</strong></span> <span class='ocrx_word' id='word_1_200' title='bbox 1030 3222 1134 3299; x_wconf 77' lang='lat'><strong>18,</strong></span> <span class='ocrx_word' id='word_1_201' title='bbox 1178 3219 1540 3303; x_wconf 87' lang='lat' dir='ltr'><strong>Eutropius</strong></span> <span class='ocrx_word' id='word_1_202' title='bbox 1585 3218 1673 3297; x_wconf 89' lang='lat' dir='ltr'><strong>ll,</strong></span> <span class='ocrx_word' id='word_1_203' title='bbox 1718 3227 1781 3297; x_wconf 86' lang='lat'><strong>7,</strong></span> <span class='ocrx_word' id='word_1_204' title='bbox 1824 3219 2059 3283; x_wconf 80' lang='lat' dir='ltr'><strong>Victor</strong></span> <span class='ocrx_word' id='word_1_205' title='bbox 2103 3219 2162 3282; x_wconf 90' lang='lat' dir='ltr'><strong>d.</strong></span> <span class='ocrx_word' id='word_1_206' title='bbox 2208 3220 2332 3285; x_wconf 78' lang='lat' dir='ltr'><strong>vir.</strong></span> 
     </span>
     <span class='ocr_line' id='line_1_26' title="bbox 194 3333 2336 3422; baseline -0.002 -19"><span class='ocrx_word' id='word_1_207' title='bbox 194 3338 292 3404; x_wconf 85' lang='lat' dir='ltr'><strong>ill.</strong></span> <span class='ocrx_word' id='word_1_208' title='bbox 337 3339 446 3415; x_wconf 73' lang='lat'><strong>85,</strong></span> <span class='ocrx_word' id='word_1_209' title='bbox 493 3337 819 3412; x_wconf 86' lang='lat' dir='ltr'><strong>Zonaras,</strong></span> <span class='ocrx_word' id='word_1_210' title='bbox 860 3337 1279 3422; x_wconf 75' lang='lat' dir='ltr'><strong>qviDionetn</strong></span> <span class='ocrx_word' id='word_1_211' title='bbox 1309 3337 1388 3401; x_wconf 87' lang='lat' dir='ltr'><strong>C.</strong></span> <span class='ocrx_word' id='word_1_212' title='bbox 1440 3339 1755 3421; x_wconf 78' lang='lat' dir='ltr'><strong>aeqvitur,</strong></span> <span class='ocrx_word' id='word_1_213' title='bbox 1802 3336 1994 3413; x_wconf 84' lang='lat' dir='ltr'><strong>vlu,</strong></span> <span class='ocrx_word' id='word_1_214' title='bbox 2035 3339 2102 3398; x_wconf 90' lang='grc'><strong>4.</strong></span> <span class='ocrx_word' id='word_1_215' title='bbox 2200 3333 2336 3400; x_wconf 87' lang='lat' dir='ltr'><strong>Ne·</strong></span> 
     </span>
     <span class='ocr_line' id='line_1_27' title="bbox 193 3451 2336 3542; baseline -0.003 -23"><span class='ocrx_word' id='word_1_216' title='bbox 193 3478 323 3542; x_wconf 76' lang='lat' dir='ltr'><strong>que</strong></span> <span class='ocrx_word' id='word_1_217' title='bbox 369 3457 541 3517; x_wconf 90' lang='lat' dir='ltr'><strong>enim</strong></span> <span class='ocrx_word' id='word_1_218' title='bbox 590 3452 964 3519; x_wconf 76' lang='lat' dir='ltr'><strong>Niebuhrio</strong></span> <span class='ocrx_word' id='word_1_219' title='bbox 1005 3457 1364 3531; x_wconf 82' lang='lat' dir='ltr'><strong>assentior,</strong></span> <span class='ocrx_word' id='word_1_220' title='bbox 1411 3458 1544 3536; x_wconf 87' lang='lat' dir='ltr'><strong>qui,</strong></span> <span class='ocrx_word' id='word_1_221' title='bbox 1593 3474 1790 3536; x_wconf 87' lang='lat' dir='ltr'><strong>qunm</strong></span> <span class='ocrx_word' id='word_1_222' title='bbox 1837 3451 1987 3515; x_wconf 86' lang='lat' dir='ltr'><strong>loco</strong></span> <span class='ocrx_word' id='word_1_223' title='bbox 2031 3451 2336 3534; x_wconf 81' lang='lat' dir='ltr'><strong>Dionysii</strong></span> 
     </span>
     <span class='ocr_line' id='line_1_28' title="bbox 196 3565 2336 3659; baseline -0.002 -22"><span class='ocrx_word' id='word_1_224' title='bbox 196 3595 394 3659; x_wconf 87' lang='lat' dir='ltr'><strong>supra</strong></span> <span class='ocrx_word' id='word_1_225' title='bbox 434 3570 709 3635; x_wconf 86' lang='lat' dir='ltr'><strong>laudato</strong></span> <span class='ocrx_word' id='word_1_226' title='bbox 763 3592 892 3635; x_wconf 84' lang='lat' dir='ltr'><strong>non</strong></span> <span class='ocrx_word' id='word_1_227' title='bbox 954 3571 1230 3637; x_wconf 83' lang='lat' dir='ltr'><strong>multum</strong></span> <span class='ocrx_word' id='word_1_228' title='bbox 1278 3570 1561 3649; x_wconf 84' lang='lat' dir='ltr'><strong>tribuat,</strong></span> <span class='ocrx_word' id='word_1_229' title='bbox 1605 3569 1894 3654; x_wconf 87' lang='lat' dir='ltr'><strong>Appiani</strong></span> <span class='ocrx_word' id='word_1_230' title='bbox 1940 3581 2140 3652; x_wconf 86' lang='lat' dir='ltr'><strong>atque</strong></span> <span class='ocrx_word' id='word_1_231' title='bbox 2181 3565 2336 3632; x_wconf 75' lang='lat' dir='ltr'><strong>Plu-</strong></span> 
     </span>
     <span class='ocr_line' id='line_1_29' title="bbox 195 3684 2384 3772; baseline -0.002 -18"><span class='ocrx_word' id='word_1_232' title='bbox 195 3689 407 3755; x_wconf 83' lang='lat' dir='ltr'><strong>tarchi</strong></span> <span class='ocrx_word' id='word_1_233' title='bbox 457 3691 899 3754; x_wconf 79' lang='lat' dir='ltr'><strong>narrationem</strong></span> <span class='ocrx_word' id='word_1_234' title='bbox 949 3686 1032 3751; x_wconf 78' lang='lat' dir='ltr'><strong>ab</strong></span> <span class='ocrx_word' id='word_1_235' title='bbox 1100 3692 1337 3753; x_wconf 88' lang='lat' dir='ltr'><strong>ceteris</strong></span> <span class='ocrx_word' id='word_1_236' title='bbox 1381 3689 1861 3772; x_wconf 68' lang='lat' dir='ltr'><strong>discrepantem</strong></span> <span class='ocrx_word' id='word_1_237' title='bbox 1908 3684 2336 3749; x_wconf 80' lang='lat' dir='ltr'><strong>Halicarnas-</strong></span> <span class='ocrx_word' id='word_1_238' title='bbox 2381 3713 2384 3716; x_wconf 95' lang='lat'>·</span> 
     </span>
     <span class='ocr_line' id='line_1_30' title="bbox 193 3802 2337 3890; baseline -0.004 -18"><span class='ocrx_word' id='word_1_239' title='bbox 193 3810 372 3872; x_wconf 82' lang='lat' dir='ltr'><strong>sensi</strong></span> <span class='ocrx_word' id='word_1_240' title='bbox 422 3809 746 3890; x_wconf 79' lang='lat' dir='ltr'><strong>originem</strong></span> <span class='ocrx_word' id='word_1_241' title='bbox 792 3806 998 3870; x_wconf 84' lang='lat' dir='ltr'><strong>credit</strong></span> <span class='ocrx_word' id='word_1_242' title='bbox 1042 3806 1316 3884; x_wconf 82' lang='lat' dir='ltr'><strong>debere,</strong></span> <span class='ocrx_word' id='word_1_243' title='bbox 1395 3827 1586 3890; x_wconf 88' lang='lat' dir='ltr'><strong>quem</strong></span> <span class='ocrx_word' id='word_1_244' title='bbox 1633 3804 1899 3868; x_wconf 77' lang='lat' dir='ltr'><strong>illorum</strong></span> <span class='ocrx_word' id='word_1_245' title='bbox 1949 3817 2224 3884; x_wconf 85' lang='lat' dir='ltr'><strong>uterque</strong></span> <span class='ocrx_word' id='word_1_246' title='bbox 2265 3802 2337 3864; x_wconf 74' lang='lat' dir='ltr'><strong>in</strong></span> 
     </span>
     <span class='ocr_line' id='line_1_31' title="bbox 195 3913 2335 4008; baseline -0.005 -20"><span class='ocrx_word' id='word_1_247' title='bbox 195 3923 302 3988; x_wconf 79' lang='lat' dir='ltr'><strong>his</strong></span> <span class='ocrx_word' id='word_1_248' title='bbox 364 3920 560 3986; x_wconf 86' lang='lat' dir='ltr'><strong>rebus</strong></span> <span class='ocrx_word' id='word_1_249' title='bbox 619 3937 933 4008; x_wconf 88' lang='lat' dir='ltr'><strong>sequatur</strong></span> <span class='ocrx_word' id='word_1_250' title='bbox 990 3923 1101 4006; x_wconf 85' lang='lat' dir='ltr'><strong>(V.</strong></span> <span class='ocrx_word' id='word_1_251' title='bbox 1149 3922 1245 3987; x_wconf 82' lang='lat' dir='ltr'><strong>Ill</strong></span> <span class='ocrx_word' id='word_1_252' title='bbox 1293 3948 1352 4008; x_wconf 87' lang='lat' dir='ltr'><strong>p.</strong></span> <span class='ocrx_word' id='word_1_253' title='bbox 1410 3923 1585 4002; x_wconf 73' lang='lat'><strong>587).</strong></span> <span class='ocrx_word' id='word_1_254' title='bbox 1679 3920 2026 4003; x_wconf 80' lang='lat' dir='ltr'><strong>Opponant</strong></span> <span class='ocrx_word' id='word_1_255' title='bbox 2073 3913 2335 3996; x_wconf 88' lang='lat' dir='ltr'><strong>saltem,</strong></span> 
     </span>
     <span class='ocr_line' id='line_1_32' title="bbox 194 4033 2334 4126; baseline -0.004 -21"><span class='ocrx_word' id='word_1_256' title='bbox 194 4041 364 4126; x_wconf 83' lang='lat' dir='ltr'><strong>qnod</strong></span> <span class='ocrx_word' id='word_1_257' title='bbox 398 4039 772 4126; x_wconf 77' lang='lat' dir='ltr'><strong>Appianas,</strong></span> <span class='ocrx_word' id='word_1_258' title='bbox 816 4052 887 4105; x_wconf 86' lang='lat' dir='ltr'><strong>ut</strong></span> <span class='ocrx_word' id='word_1_259' title='bbox 932 4062 1023 4104; x_wconf 80' lang='lat' dir='ltr'><strong>ex</strong></span> <span class='ocrx_word' id='word_1_260' title='bbox 1066 4044 1214 4125; x_wconf 84' lang='lat' dir='ltr'><strong>ipso</strong></span> <span class='ocrx_word' id='word_1_261' title='bbox 1260 4039 1384 4102; x_wconf 88' lang='lat' dir='ltr'><strong>hoc</strong></span> <span class='ocrx_word' id='word_1_262' title='bbox 1429 4050 1747 4122; x_wconf 81' lang='lat' dir='ltr'><strong>excerpto</strong></span> <span class='ocrx_word' id='word_1_263' title='bbox 1793 4048 2064 4120; x_wconf 85' lang='lat' dir='ltr'><strong>apparet</strong></span> <span class='ocrx_word' id='word_1_264' title='bbox 2093 4033 2214 4116; x_wconf 86' lang='lat' dir='ltr'><strong>(X,</strong></span> <span class='ocrx_word' id='word_1_265' title='bbox 2239 4035 2334 4110; x_wconf 93' lang='grc'><strong>4),</strong></span> 
     </span>
     <span class='ocr_line' id='line_1_33' title="bbox 188 4149 2336 4240; baseline -0.006 -20"><span class='ocrx_word' id='word_1_266' title='bbox 188 4160 328 4239; x_wconf 82' lang='lat' dir='ltr'><strong>jam</strong></span> <span class='ocrx_word' id='word_1_267' title='bbox 394 4160 459 4218; x_wconf 91' lang='lat' dir='ltr'><strong>in</strong></span> <span class='ocrx_word' id='word_1_268' title='bbox 504 4155 717 4219; x_wconf 83' lang='lat' dir='ltr'><strong>altero</strong></span> <span class='ocrx_word' id='word_1_269' title='bbox 762 4152 1049 4218; x_wconf 79' lang='lat' dir='ltr'><strong>Fabricii</strong></span> <span class='ocrx_word' id='word_1_270' title='bbox 1109 4177 1427 4240; x_wconf 85' lang='lat' dir='ltr'><strong>responso</strong></span> <span class='ocrx_word' id='word_1_271' title='bbox 1474 4155 1817 4218; x_wconf 84' lang='lat' dir='ltr'><strong>referendo</strong></span> <span class='ocrx_word' id='word_1_272' title='bbox 1881 4152 1964 4217; x_wconf 84' lang='lat' dir='ltr'><strong>ab</strong></span> <span class='ocrx_word' id='word_1_273' title='bbox 2010 4149 2336 4230; x_wconf 79' lang='lat' dir='ltr'><strong>Dionysio</strong></span> 
     </span>
    </p>
   </div>
  </div>
 </body>
</html>
