2832 4693
601 279 700 351 56
778 341 783 349 .

486 485 637 563 bet3
702 481 1130 547 Coriolanum
1192 493 1306 543 aut
1348 481 1603 544 invidia
1638 483 2181 565 oppressum'aut
2227 483 2436 545 senio'
2463 504 2623 546 con-

485 603 729 666 fectum
792 602 1044 684 perisse
1090 599 1306 662 tradit.
1431 596 1673 661 Zonar.
1718 594 1899 687 (VII,
1946 600 2092 675 16),
2172 600 2286 683 qui
2329 596 2621 664 Dionem

485 720 803 803 sequitur,
847 718 929 778 de
973 713 1116 778 sola
1162 726 1500 777 senectute
1546 715 1945 777 mentionem
1983 715 2164 783 fecit.
2264 714 2404 779 Cfr.
2455 739 2619 801 μεω-

482 848 667 898 terea
714 831 1025 910 Tzetzes,
1071 830 1357 894 Chilind.
1405 830 1545 908 VI,
1605 830 1892 895 Reimar.
1939 830 2045 909 ΙΙ,
2106 854 2168 917 p.
2216 834 2441 916 1526).
2540 834 2615 898 In

484 949 893 1014 orationibus
937 951 1219 1034 denique
1266 945 1457 1031 nulli,
1497 948 1625 1010 nisi
1669 947 1945 1031 Dionys,
1991 963 2057 1012 et
2087 949 2399 1035 Appiam,
2446 953 2618 1016 inter

486 1089 558 1129 se
602 1067 876 1132 similes.

493 1226 507 1234 -
618 1186 720 1249 v1.
807 1184 1028 1249 Suidas
1072 1215 1154 1230 -
1196 1170 1731 1248 ΕΔΕΕῙΝΟΣ
1767 1190 1832 1245 et
1873 1180 2493 1250 ΛΠΟΦΡΑΔΕΣ

1323 1298 1753 1364 ΗΜΕΡΛῙ.

658 1411 890 1478 Caedes
934 1413 1291 1477 Fabiorum
1336 1414 1509 1497 apud
1556 1413 1930 1498 Appianum
1975 1427 2170 1477 antea
2220 1436 2617 1480 commemo-

485 1545 629 1596 rata
674 1533 824 1594 fuit.
947 1532 1140 1608 Quod
1188 1532 1268 1594 ad
1318 1530 1517 1611 hujus
1561 1530 2421 1616 fragmentiargumentum
2468 1538 2618 1597 atti-

486 1662 620 1725 net,
667 1647 974 1731 Dionysii
1018 1646 1067 1714 l.
1116 1647 1251 1725 IX,
1314 1670 1369 1710 c.
1416 1649 1503 1709 23
1546 1660 1610 1710 et
1655 1668 1797 1739 quae
1844 1650 2247 1731 proecedunt,
2304 1653 2371 1713 in
2418 1672 2616 1716 usum

485 1767 832 1830 convertit.
948 1764 1146 1828 Diem
1208 1778 1426 1827 autem
1478 1761 1979 1828 Cremerensem
2024 1766 2363 1850 Appianas
2428 1760 2612 1833 αἶπο-

483 1873 711 1968 φροέδα
783 1880 1017 1955 modo,
1094 1879 1463 1963 Dionysius
1525 1872 1861 1964 μέλαινά-ν
1924 1907 2002 1947 τε
2063 1882 2175 1948 καὶ
2237 1876 2613 1969 ἀποφράδα

483 1997 839 2084 significat.
885 1997 1121 2060 Livius
1166 1996 1293 2075 (ll,
1333 1997 1450 2071 50)
1495 1998 1574 2058 de
1622 1996 1744 2061 bac
1786 2020 1858 2059 re
1897 2012 2090 2061 tacet.
2208 1999 2401 2075 Quod
2454 2023 2611 2066 vero

478 2117 841 2199 Dionysius
889 2128 1237 2198 utrumque
1286 2113 1558 2176 verbum
1605 2117 1986 2198 conjungit,
2049 2116 2162 2178 cfr.
2208 2114 2381 2181 Gell.
2415 2118 2500 2181 N.
2525 2122 2608 2183 A.

482 2234 585 2311 V,
632 2237 735 2311 17,
780 2230 891 2294 ubi
958 2232 1038 2295 de
1086 2245 1375 2293 atrorum
1425 2244 1491 2291 et
1534 2231 1939 2294 nefastorum
1985 2232 2237 2296 dierum
2285 2249 2612 2320 permuta-

481 2353 661 2413 tione
709 2353 950 2433 agitur,
998 2369 1140 2433 quoe
1186 2351 1274 2410 in-
1301 2345 1563 2412 Graecas
1622 2369 1882 2434 quoque.
1923 2350 2446 2435 significationes
2491 2377 2611 2418 va-

482 2467 597 2531 let.
696 2453 1002 2529 Ceterum
1051 2465 1130 2528 de
1177 2464 1279 2526 his
1326 2464 1559 2527 diebus
1603 2467 1716 2530 cfr.
1753 2464 2088 2535 Plutarch.
2120 2467 2382 2533 Camill.
2431 2494 2486 2535 c.
2530 2476 2614 2536 19
2652 2521 2659 2534 .

484 2599 551 2649 et
594 2582 812 2649 Tacit.
852 2584 939 2647 H.
986 2581 1073 2662 ΙΙ,
1115 2585 1223 2648 91.
2161 2599 2164 2602 ’

877 2703 1007 2765 v11.
1096 2702 1313 2767 Suidas
1362 2736 1431 2746 —
1478 2697 2207 2768 ΕΘΕΛΟΚΑΚΩΣ.

661 2817 766 2880 De
810 2818 1033 2900 Appio
1080 2815 1359 2879 Claudio
1405 2814 1560 2880 sab.
1608 2814 1814 2899 Reg„
1868 2815 2116 2880 bellum
2167 2841 2227 2881 a.
2275 2841 2337 2880 u.
2384 2841 2440 2886 c,
2485 2821 2615 2884 288

480 2955 631 2999 cum
692 2934 959 2999 Volscis
1027 2947 1337 3020 gerente,
1407 2934 1617 3017 deque
1685 2931 2005 3005 militibus
2065 2937 2211 3016 ejus
2271 2935 2612 2999 seditiosis

484 3051 550 3115 h.
594 3053 640 3115 1⁴.
690 3055 936 3117 mentio
983 3066 1104 3115 est.
1170 3086 1245 3098 —-
1312 3052 1565 3114 Rursus
1610 3053 1872 3135 insigne
1916 3052 2372 3115 documentum
2420 3051 2613 3117 nobis
2749 3077 2752 3088 ·

484 3171 782 3246 offertur,
828 3190 957 3253 qua
1001 3167 1396 3253 compilandi
1443 3171 1696 3232 ratione
1739 3167 2088 3251 Appianus
2133 3190 2291 3232 usus
2342 3171 2452 3247 sit,
2503 3173 2611 3256 qui

484 3284 689 3350 verba
733 3287 1268 3367 sententiasque,
1333 3305 1476 3368 quae
1519 3282 1878 3368 Dionysius
1923 3284 2058 3348 alio
2100 3285 2249 3349 loco
2294 3288 2361 3349 in
2407 3286 2611 3350 simili

481 3425 555 3468 re
601 3402 924 3478 adhibuit,
969 3397 1155 3463 illinc
1194 3399 1321 3464 huc
1366 3402 1698 3466 traductas
1728 3423 1863 3466 suae
1910 3405 2267 3467 narrationi
2312 3405 2606 3467 inserue-

483 3523 589 3587 rit.
689 3522 791 3583 Ex
843 3522 927 3581 iis
973 3522 1189 3599 enim,
1247 3540 1389 3604 quae
1436 3520 1606 3603 apud
1652 3518 1930 3603 Dionys.
1975 3519 2122 3590 IX,
2181 3522 2269 3583 ὅθ
2312 3522 2398 3602 (a.
2442 3542 2505 3582 u.
2550 3543 2602 3584 c.

483 3638 638 3713 aess)
684 3637 765 3699 de
799 3636 1121 3700 militibus
1154 3637 1354 3722 Appii
1396 3637 1745 3720 imperium
1778 3636 2237 3700 recusantibus
2263 3637 2607 3722 leguntur:

481 3747 529 3837 ἦ
575 3744 872 3838 δύναμις
916 3783 996 3804 ⁶-
1039 3754 1226 3839 μίσει
1271 3750 1362 3840 1ιῷ
1407 3747 1571 3836 ‘tede
1616 3744 1831 3817 αὖτόν
1872 3752 2024 3823 (cfr-
2069 3750 2231 3820 ibid.
2277 3775 2332 3818 c.
2366 3756 2480 3830 48)
2527 3757 2609 3803 -’-

486 3870 994 3938 ἐθελοκακοῦσα
1013 3906 1095 3919 -
1114 3864 1237 3937 οὐκ
1257 3864 1497 3955 ἠξίωσε
1515 3893 1576 3932 τ.
1601 3865 1960 3949 πολεμίοις
1980 3871 2077 3941 &cg
2092 3881 2320 3955 χεῖρας
2338 3872 2512 3937 ἰέναι
2537 3910 2603 3919 -

482 3991 794 4074 ἔφευγον·
842 3987 956 4077 (τῇ
999 3988 1070 4055 δὲ
1096 3979 1387 4054 κατόπιν
1429 3977 1716 4069 ἡμέρωι
1761 3973 2094 4074 &aspasio
2140 3984 2498 4072 διεχρῶντο
2533 4028 2610 4039 -—

483 4096 944 4187 κατεδήσαντο
989 4141 1072 4153 -
1114 4097 1278 4178 τούς
1319 4102 1596 4192 χρῶτας,
1647 4094 1737 4177 οἷς
1780 4101 2196 4193 τραυματίαι
2240 4136 2317 4153 —
2345 4125 2434 4168 ex
2481 4106 2610 4187 his,
